%YAML 1.1
%TAG !u! tag:unity3d.com,2011:
--- !u!1 &1268938923267063635
GameObject:
  m_ObjectHideFlags: 0
  m_CorrespondingSourceObject: {fileID: 0}
  m_PrefabInstance: {fileID: 0}
  m_PrefabAsset: {fileID: 0}
  serializedVersion: 6
  m_Component:
  - component: {fileID: 7923792672348664741}
  m_Layer: 0
  m_Name: Pivot
  m_TagString: Untagged
  m_Icon: {fileID: 0}
  m_NavMeshLayer: 0
  m_StaticEditorFlags: 0
  m_IsActive: 1
--- !u!4 &7923792672348664741
Transform:
  m_ObjectHideFlags: 0
  m_CorrespondingSourceObject: {fileID: 0}
  m_PrefabInstance: {fileID: 0}
  m_PrefabAsset: {fileID: 0}
  m_GameObject: {fileID: 1268938923267063635}
  m_LocalRotation: {x: 0, y: 0, z: 0, w: 1}
  m_LocalPosition: {x: 0, y: 0, z: 0.003}
  m_LocalScale: {x: 1, y: 1, z: 1}
  m_Children: []
  m_Father: {fileID: 3247190846040637655}
  m_RootOrder: 1
  m_LocalEulerAnglesHint: {x: 0, y: 0, z: 0}
--- !u!1 &1822026948977385879
GameObject:
  m_ObjectHideFlags: 0
  m_CorrespondingSourceObject: {fileID: 0}
  m_PrefabInstance: {fileID: 0}
  m_PrefabAsset: {fileID: 0}
  serializedVersion: 6
  m_Component:
  - component: {fileID: 3448215136240599873}
  - component: {fileID: 8122448044984863791}
  - component: {fileID: 2335639342557721052}
  m_Layer: 0
  m_Name: Misc_Key (1)
  m_TagString: Untagged
  m_Icon: {fileID: 0}
  m_NavMeshLayer: 0
  m_StaticEditorFlags: 0
  m_IsActive: 1
--- !u!4 &3448215136240599873
Transform:
  m_ObjectHideFlags: 0
  m_CorrespondingSourceObject: {fileID: 0}
  m_PrefabInstance: {fileID: 0}
  m_PrefabAsset: {fileID: 0}
  m_GameObject: {fileID: 1822026948977385879}
  m_LocalRotation: {x: 0, y: 0, z: 0, w: 1}
  m_LocalPosition: {x: 0, y: 0, z: 0}
  m_LocalScale: {x: 0.04, y: 0.04, z: 0.04}
  m_Children: []
  m_Father: {fileID: 3247190846040637655}
  m_RootOrder: 0
  m_LocalEulerAnglesHint: {x: 0, y: 0, z: 0}
--- !u!33 &8122448044984863791
MeshFilter:
  m_ObjectHideFlags: 0
  m_CorrespondingSourceObject: {fileID: 0}
  m_PrefabInstance: {fileID: 0}
  m_PrefabAsset: {fileID: 0}
  m_GameObject: {fileID: 1822026948977385879}
  m_Mesh: {fileID: 5047632579000754722, guid: eca93beb7f32ed44aa9feb45c1c45301, type: 3}
--- !u!23 &2335639342557721052
MeshRenderer:
  m_ObjectHideFlags: 0
  m_CorrespondingSourceObject: {fileID: 0}
  m_PrefabInstance: {fileID: 0}
  m_PrefabAsset: {fileID: 0}
  m_GameObject: {fileID: 1822026948977385879}
  m_Enabled: 1
  m_CastShadows: 1
  m_ReceiveShadows: 1
  m_DynamicOccludee: 1
  m_MotionVectors: 1
  m_LightProbeUsage: 1
  m_ReflectionProbeUsage: 1
  m_RayTracingMode: 2
  m_RenderingLayerMask: 1
  m_RendererPriority: 0
  m_Materials:
  - {fileID: 2100000, guid: 5ba81170a840ae641b262741ba4e8ddd, type: 2}
  m_StaticBatchInfo:
    firstSubMesh: 0
    subMeshCount: 0
  m_StaticBatchRoot: {fileID: 0}
  m_ProbeAnchor: {fileID: 0}
  m_LightProbeVolumeOverride: {fileID: 0}
  m_ScaleInLightmap: 1
  m_ReceiveGI: 1
  m_PreserveUVs: 0
  m_IgnoreNormalsForChartDetection: 0
  m_ImportantGI: 0
  m_StitchLightmapSeams: 1
  m_SelectedEditorRenderState: 3
  m_MinimumChartSize: 4
  m_AutoUVMaxDistance: 0.5
  m_AutoUVMaxAngle: 89
  m_LightmapParameters: {fileID: 0}
  m_SortingLayerID: 0
  m_SortingLayer: 0
  m_SortingOrder: 0
--- !u!1 &4218595371856219432
GameObject:
  m_ObjectHideFlags: 0
  m_CorrespondingSourceObject: {fileID: 0}
  m_PrefabInstance: {fileID: 0}
  m_PrefabAsset: {fileID: 0}
  serializedVersion: 6
  m_Component:
  - component: {fileID: 938209051214865691}
  - component: {fileID: 2876878222990361048}
  - component: {fileID: 8882565647513652011}
  - component: {fileID: 2988612175514909154}
  m_Layer: 0
  m_Name: lock bubble for key
  m_TagString: Untagged
  m_Icon: {fileID: 0}
  m_NavMeshLayer: 0
  m_StaticEditorFlags: 0
  m_IsActive: 1
--- !u!4 &938209051214865691
Transform:
  m_ObjectHideFlags: 0
  m_CorrespondingSourceObject: {fileID: 0}
  m_PrefabInstance: {fileID: 0}
  m_PrefabAsset: {fileID: 0}
  m_GameObject: {fileID: 4218595371856219432}
  m_LocalRotation: {x: 0, y: 0, z: 0, w: 1}
  m_LocalPosition: {x: 0, y: -0.0072, z: 0}
  m_LocalScale: {x: 0.11181, y: 0.11181, z: 0.11181}
  m_Children:
  - {fileID: 1423293757143001454}
  - {fileID: 1749516567642093255}
  m_Father: {fileID: 3247190846040637655}
  m_RootOrder: 2
  m_LocalEulerAnglesHint: {x: 0, y: 0, z: 0}
--- !u!33 &2876878222990361048
MeshFilter:
  m_ObjectHideFlags: 0
  m_CorrespondingSourceObject: {fileID: 0}
  m_PrefabInstance: {fileID: 0}
  m_PrefabAsset: {fileID: 0}
  m_GameObject: {fileID: 4218595371856219432}
  m_Mesh: {fileID: 10208, guid: 0000000000000000e000000000000000, type: 0}
--- !u!23 &8882565647513652011
MeshRenderer:
  m_ObjectHideFlags: 0
  m_CorrespondingSourceObject: {fileID: 0}
  m_PrefabInstance: {fileID: 0}
  m_PrefabAsset: {fileID: 0}
  m_GameObject: {fileID: 4218595371856219432}
  m_Enabled: 1
  m_CastShadows: 1
  m_ReceiveShadows: 1
  m_DynamicOccludee: 1
  m_MotionVectors: 1
  m_LightProbeUsage: 1
  m_ReflectionProbeUsage: 1
  m_RayTracingMode: 2
  m_RenderingLayerMask: 1
  m_RendererPriority: 0
  m_Materials:
  - {fileID: 2100000, guid: 87c22797919f81341922a88a1849eb62, type: 2}
  m_StaticBatchInfo:
    firstSubMesh: 0
    subMeshCount: 0
  m_StaticBatchRoot: {fileID: 0}
  m_ProbeAnchor: {fileID: 0}
  m_LightProbeVolumeOverride: {fileID: 0}
  m_ScaleInLightmap: 1
  m_ReceiveGI: 1
  m_PreserveUVs: 0
  m_IgnoreNormalsForChartDetection: 0
  m_ImportantGI: 0
  m_StitchLightmapSeams: 1
  m_SelectedEditorRenderState: 3
  m_MinimumChartSize: 4
  m_AutoUVMaxDistance: 0.5
  m_AutoUVMaxAngle: 89
  m_LightmapParameters: {fileID: 0}
  m_SortingLayerID: 0
  m_SortingLayer: 0
  m_SortingOrder: 0
--- !u!136 &2988612175514909154
CapsuleCollider:
  m_ObjectHideFlags: 0
  m_CorrespondingSourceObject: {fileID: 0}
  m_PrefabInstance: {fileID: 0}
  m_PrefabAsset: {fileID: 0}
  m_GameObject: {fileID: 4218595371856219432}
  m_Material: {fileID: 0}
  m_IsTrigger: 0
  m_Enabled: 1
  m_Radius: 0.5000001
  m_Height: 2
  m_Direction: 1
  m_Center: {x: 0, y: -0.0000000018626451, z: 0}
--- !u!1 &5373761059623608362
GameObject:
  m_ObjectHideFlags: 0
  m_CorrespondingSourceObject: {fileID: 0}
  m_PrefabInstance: {fileID: 0}
  m_PrefabAsset: {fileID: 0}
  serializedVersion: 6
  m_Component:
  - component: {fileID: 3247190846040637655}
  - component: {fileID: 4759317137163599181}
  - component: {fileID: 8781779380896613588}
  m_Layer: 0
  m_Name: key_yellow
  m_TagString: Untagged
  m_Icon: {fileID: 0}
  m_NavMeshLayer: 0
  m_StaticEditorFlags: 0
  m_IsActive: 1
--- !u!4 &3247190846040637655
Transform:
  m_ObjectHideFlags: 0
  m_CorrespondingSourceObject: {fileID: 0}
  m_PrefabInstance: {fileID: 0}
  m_PrefabAsset: {fileID: 0}
  m_GameObject: {fileID: 5373761059623608362}
  m_LocalRotation: {x: 0, y: 0.7071068, z: 0, w: 0.7071068}
  m_LocalPosition: {x: 0, y: 0, z: 0}
  m_LocalScale: {x: 35.775063, y: 35.77504, z: 35.775063}
  m_Children:
  - {fileID: 3448215136240599873}
  - {fileID: 7923792672348664741}
  - {fileID: 938209051214865691}
  - {fileID: 8295565259883146858}
  m_Father: {fileID: 0}
  m_RootOrder: 0
  m_LocalEulerAnglesHint: {x: 0, y: 90, z: 0}
--- !u!135 &4759317137163599181
SphereCollider:
  m_ObjectHideFlags: 0
  m_CorrespondingSourceObject: {fileID: 0}
  m_PrefabInstance: {fileID: 0}
  m_PrefabAsset: {fileID: 0}
  m_GameObject: {fileID: 5373761059623608362}
  m_Material: {fileID: 0}
  m_IsTrigger: 1
  m_Enabled: 1
  serializedVersion: 2
  m_Radius: 0.042
  m_Center: {x: 0, y: 0, z: 0}
--- !u!114 &8781779380896613588
MonoBehaviour:
  m_ObjectHideFlags: 0
  m_CorrespondingSourceObject: {fileID: 0}
  m_PrefabInstance: {fileID: 0}
  m_PrefabAsset: {fileID: 0}
  m_GameObject: {fileID: 5373761059623608362}
  m_Enabled: 1
  m_EditorHideFlags: 0
  m_Script: {fileID: 11500000, guid: 11675a6d2dbba3942bc6f5b85dadf74e, type: 3}
  m_Name: 
  m_EditorClassIdentifier: 
  keyType: 4
  keyBubble: {fileID: 4218595371856219432}
  isFinalKey: 0
--- !u!1001 &1462041901257936517
PrefabInstance:
  m_ObjectHideFlags: 0
  serializedVersion: 2
  m_Modification:
    m_TransformParent: {fileID: 938209051214865691}
    m_Modifications:
    - target: {fileID: -8679921383154817045, guid: 02ffd0426893d4543bd8a0d44fac0490,
        type: 3}
      propertyPath: m_LocalPosition.x
      value: 0.0020518722
      objectReference: {fileID: 0}
    - target: {fileID: -8679921383154817045, guid: 02ffd0426893d4543bd8a0d44fac0490,
        type: 3}
      propertyPath: m_LocalPosition.y
      value: 0.5268942
      objectReference: {fileID: 0}
    - target: {fileID: -8679921383154817045, guid: 02ffd0426893d4543bd8a0d44fac0490,
        type: 3}
      propertyPath: m_LocalPosition.z
      value: -0.0007878084
      objectReference: {fileID: 0}
    - target: {fileID: -8679921383154817045, guid: 02ffd0426893d4543bd8a0d44fac0490,
        type: 3}
      propertyPath: m_LocalRotation.x
      value: -0
      objectReference: {fileID: 0}
    - target: {fileID: -8679921383154817045, guid: 02ffd0426893d4543bd8a0d44fac0490,
        type: 3}
      propertyPath: m_LocalRotation.y
      value: -0.7071068
      objectReference: {fileID: 0}
    - target: {fileID: -8679921383154817045, guid: 02ffd0426893d4543bd8a0d44fac0490,
        type: 3}
      propertyPath: m_LocalRotation.z
      value: -0
      objectReference: {fileID: 0}
    - target: {fileID: -8679921383154817045, guid: 02ffd0426893d4543bd8a0d44fac0490,
        type: 3}
      propertyPath: m_LocalRotation.w
      value: 0.7071068
      objectReference: {fileID: 0}
    - target: {fileID: -8679921383154817045, guid: 02ffd0426893d4543bd8a0d44fac0490,
        type: 3}
      propertyPath: m_RootOrder
      value: 0
      objectReference: {fileID: 0}
    - target: {fileID: -8679921383154817045, guid: 02ffd0426893d4543bd8a0d44fac0490,
        type: 3}
      propertyPath: m_LocalEulerAnglesHint.x
      value: 0
      objectReference: {fileID: 0}
    - target: {fileID: -8679921383154817045, guid: 02ffd0426893d4543bd8a0d44fac0490,
        type: 3}
      propertyPath: m_LocalEulerAnglesHint.y
      value: 0
      objectReference: {fileID: 0}
    - target: {fileID: -8679921383154817045, guid: 02ffd0426893d4543bd8a0d44fac0490,
        type: 3}
      propertyPath: m_LocalEulerAnglesHint.z
      value: 0
      objectReference: {fileID: 0}
    - target: {fileID: -8679921383154817045, guid: 02ffd0426893d4543bd8a0d44fac0490,
        type: 3}
      propertyPath: m_LocalScale.y
      value: 0.04706142
      objectReference: {fileID: 0}
    - target: {fileID: -8679921383154817045, guid: 02ffd0426893d4543bd8a0d44fac0490,
        type: 3}
      propertyPath: m_LocalScale.x
      value: 0.4550952
      objectReference: {fileID: 0}
    - target: {fileID: -8679921383154817045, guid: 02ffd0426893d4543bd8a0d44fac0490,
        type: 3}
      propertyPath: m_LocalScale.z
      value: 0.4550952
      objectReference: {fileID: 0}
    - target: {fileID: -2290828875372877099, guid: 02ffd0426893d4543bd8a0d44fac0490,
        type: 3}
      propertyPath: m_Layer
      value: 0
      objectReference: {fileID: 0}
    - target: {fileID: -2284616450422311906, guid: 02ffd0426893d4543bd8a0d44fac0490,
        type: 3}
      propertyPath: m_Layer
      value: 0
      objectReference: {fileID: 0}
    - target: {fileID: 919132149155446097, guid: 02ffd0426893d4543bd8a0d44fac0490,
        type: 3}
      propertyPath: m_Name
      value: rotating door cyclinder
      objectReference: {fileID: 0}
    - target: {fileID: 919132149155446097, guid: 02ffd0426893d4543bd8a0d44fac0490,
        type: 3}
      propertyPath: m_Layer
      value: 0
      objectReference: {fileID: 0}
    m_RemovedComponents: []
  m_SourcePrefab: {fileID: 100100000, guid: 02ffd0426893d4543bd8a0d44fac0490, type: 3}
--- !u!4 &1423293757143001454 stripped
Transform:
  m_CorrespondingSourceObject: {fileID: -8679921383154817045, guid: 02ffd0426893d4543bd8a0d44fac0490,
    type: 3}
  m_PrefabInstance: {fileID: 1462041901257936517}
  m_PrefabAsset: {fileID: 0}
--- !u!1001 &2291542150968168748
PrefabInstance:
  m_ObjectHideFlags: 0
  serializedVersion: 2
  m_Modification:
    m_TransformParent: {fileID: 938209051214865691}
    m_Modifications:
    - target: {fileID: -8679921383154817045, guid: 02ffd0426893d4543bd8a0d44fac0490,
        type: 3}
      propertyPath: m_LocalPosition.x
      value: 0.0020518722
      objectReference: {fileID: 0}
    - target: {fileID: -8679921383154817045, guid: 02ffd0426893d4543bd8a0d44fac0490,
        type: 3}
      propertyPath: m_LocalPosition.y
      value: -0.28060442
      objectReference: {fileID: 0}
    - target: {fileID: -8679921383154817045, guid: 02ffd0426893d4543bd8a0d44fac0490,
        type: 3}
      propertyPath: m_LocalPosition.z
      value: -0.0007878084
      objectReference: {fileID: 0}
    - target: {fileID: -8679921383154817045, guid: 02ffd0426893d4543bd8a0d44fac0490,
        type: 3}
      propertyPath: m_LocalRotation.x
      value: -0
      objectReference: {fileID: 0}
    - target: {fileID: -8679921383154817045, guid: 02ffd0426893d4543bd8a0d44fac0490,
        type: 3}
      propertyPath: m_LocalRotation.y
      value: -0.7071068
      objectReference: {fileID: 0}
    - target: {fileID: -8679921383154817045, guid: 02ffd0426893d4543bd8a0d44fac0490,
        type: 3}
      propertyPath: m_LocalRotation.z
      value: -0
      objectReference: {fileID: 0}
    - target: {fileID: -8679921383154817045, guid: 02ffd0426893d4543bd8a0d44fac0490,
        type: 3}
      propertyPath: m_LocalRotation.w
      value: 0.7071068
      objectReference: {fileID: 0}
    - target: {fileID: -8679921383154817045, guid: 02ffd0426893d4543bd8a0d44fac0490,
        type: 3}
      propertyPath: m_RootOrder
      value: 1
      objectReference: {fileID: 0}
    - target: {fileID: -8679921383154817045, guid: 02ffd0426893d4543bd8a0d44fac0490,
        type: 3}
      propertyPath: m_LocalEulerAnglesHint.x
      value: 0
      objectReference: {fileID: 0}
    - target: {fileID: -8679921383154817045, guid: 02ffd0426893d4543bd8a0d44fac0490,
        type: 3}
      propertyPath: m_LocalEulerAnglesHint.y
      value: 0
      objectReference: {fileID: 0}
    - target: {fileID: -8679921383154817045, guid: 02ffd0426893d4543bd8a0d44fac0490,
        type: 3}
      propertyPath: m_LocalEulerAnglesHint.z
      value: 0
      objectReference: {fileID: 0}
    - target: {fileID: -8679921383154817045, guid: 02ffd0426893d4543bd8a0d44fac0490,
        type: 3}
      propertyPath: m_LocalScale.y
      value: 0.04706142
      objectReference: {fileID: 0}
    - target: {fileID: -8679921383154817045, guid: 02ffd0426893d4543bd8a0d44fac0490,
        type: 3}
      propertyPath: m_LocalScale.x
      value: 0.4550952
      objectReference: {fileID: 0}
    - target: {fileID: -8679921383154817045, guid: 02ffd0426893d4543bd8a0d44fac0490,
        type: 3}
      propertyPath: m_LocalScale.z
      value: 0.4550952
      objectReference: {fileID: 0}
    - target: {fileID: -2290828875372877099, guid: 02ffd0426893d4543bd8a0d44fac0490,
        type: 3}
      propertyPath: m_Layer
      value: 0
      objectReference: {fileID: 0}
    - target: {fileID: -2284616450422311906, guid: 02ffd0426893d4543bd8a0d44fac0490,
        type: 3}
      propertyPath: m_Layer
      value: 0
      objectReference: {fileID: 0}
    - target: {fileID: 919132149155446097, guid: 02ffd0426893d4543bd8a0d44fac0490,
        type: 3}
      propertyPath: m_Name
      value: rotating door cyclinder (1)
      objectReference: {fileID: 0}
    - target: {fileID: 919132149155446097, guid: 02ffd0426893d4543bd8a0d44fac0490,
        type: 3}
      propertyPath: m_Layer
      value: 0
      objectReference: {fileID: 0}
    m_RemovedComponents: []
  m_SourcePrefab: {fileID: 100100000, guid: 02ffd0426893d4543bd8a0d44fac0490, type: 3}
--- !u!4 &1749516567642093255 stripped
Transform:
  m_CorrespondingSourceObject: {fileID: -8679921383154817045, guid: 02ffd0426893d4543bd8a0d44fac0490,
    type: 3}
  m_PrefabInstance: {fileID: 2291542150968168748}
  m_PrefabAsset: {fileID: 0}
--- !u!1001 &3777793943063497637
PrefabInstance:
  m_ObjectHideFlags: 0
  serializedVersion: 2
  m_Modification:
    m_TransformParent: {fileID: 3247190846040637655}
    m_Modifications:
    - target: {fileID: 1027611004455100078, guid: 59a61fcae45daf74db184d7adda32190,
        type: 3}
      propertyPath: EmissionModule.m_Bursts.Array.size
      value: 1
      objectReference: {fileID: 0}
    - target: {fileID: 1027611004455100078, guid: 59a61fcae45daf74db184d7adda32190,
        type: 3}
      propertyPath: EmissionModule.m_Bursts.Array.data[0].countCurve.maxCurve.m_Curve.Array.size
      value: 2
      objectReference: {fileID: 0}
    - target: {fileID: 1027611004455100078, guid: 59a61fcae45daf74db184d7adda32190,
        type: 3}
      propertyPath: EmissionModule.m_Bursts.Array.data[0].countCurve.minCurve.m_Curve.Array.size
      value: 2
      objectReference: {fileID: 0}
    - target: {fileID: 1027611004455100078, guid: 59a61fcae45daf74db184d7adda32190,
        type: 3}
      propertyPath: ShapeModule.radius.value
      value: 1.2
      objectReference: {fileID: 0}
    - target: {fileID: 1027611004455100078, guid: 59a61fcae45daf74db184d7adda32190,
        type: 3}
      propertyPath: InitialModule.startSize.scalar
      value: 0.3
      objectReference: {fileID: 0}
    - target: {fileID: 1027611004455100078, guid: 59a61fcae45daf74db184d7adda32190,
        type: 3}
      propertyPath: InitialModule.startLifetime.scalar
      value: 0.4
      objectReference: {fileID: 0}
    - target: {fileID: 1027611004455100078, guid: 59a61fcae45daf74db184d7adda32190,
        type: 3}
      propertyPath: ShapeModule.angle
      value: 64.41
      objectReference: {fileID: 0}
    - target: {fileID: 1027611004455100078, guid: 59a61fcae45daf74db184d7adda32190,
        type: 3}
      propertyPath: EmissionModule.rateOverTime.scalar
      value: 1
      objectReference: {fileID: 0}
    - target: {fileID: 1027611004455100078, guid: 59a61fcae45daf74db184d7adda32190,
        type: 3}
      propertyPath: EmissionModule.m_BurstCount
      value: 1
      objectReference: {fileID: 0}
    - target: {fileID: 1027611004455100078, guid: 59a61fcae45daf74db184d7adda32190,
        type: 3}
      propertyPath: EmissionModule.m_Bursts.Array.data[0].countCurve.scalar
      value: 1
      objectReference: {fileID: 0}
    - target: {fileID: 1027611004455100078, guid: 59a61fcae45daf74db184d7adda32190,
        type: 3}
      propertyPath: EmissionModule.m_Bursts.Array.data[0].countCurve.minScalar
      value: 30
      objectReference: {fileID: 0}
    - target: {fileID: 1027611004455100078, guid: 59a61fcae45daf74db184d7adda32190,
        type: 3}
      propertyPath: EmissionModule.m_Bursts.Array.data[0].countCurve.maxCurve.m_Curve.Array.data[0].value
      value: 1
      objectReference: {fileID: 0}
    - target: {fileID: 1027611004455100078, guid: 59a61fcae45daf74db184d7adda32190,
        type: 3}
      propertyPath: EmissionModule.m_Bursts.Array.data[0].countCurve.maxCurve.m_Curve.Array.data[1].time
      value: 1
      objectReference: {fileID: 0}
    - target: {fileID: 1027611004455100078, guid: 59a61fcae45daf74db184d7adda32190,
        type: 3}
      propertyPath: EmissionModule.m_Bursts.Array.data[0].countCurve.maxCurve.m_Curve.Array.data[1].value
      value: 1
      objectReference: {fileID: 0}
    - target: {fileID: 1027611004455100078, guid: 59a61fcae45daf74db184d7adda32190,
        type: 3}
      propertyPath: EmissionModule.m_Bursts.Array.data[0].countCurve.maxCurve.m_PreInfinity
      value: 2
      objectReference: {fileID: 0}
    - target: {fileID: 1027611004455100078, guid: 59a61fcae45daf74db184d7adda32190,
        type: 3}
      propertyPath: EmissionModule.m_Bursts.Array.data[0].countCurve.maxCurve.m_PostInfinity
      value: 2
      objectReference: {fileID: 0}
    - target: {fileID: 1027611004455100078, guid: 59a61fcae45daf74db184d7adda32190,
        type: 3}
      propertyPath: EmissionModule.m_Bursts.Array.data[0].countCurve.maxCurve.m_RotationOrder
      value: 4
      objectReference: {fileID: 0}
    - target: {fileID: 1027611004455100078, guid: 59a61fcae45daf74db184d7adda32190,
        type: 3}
      propertyPath: EmissionModule.m_Bursts.Array.data[0].countCurve.minCurve.m_Curve.Array.data[0].value
      value: 1
      objectReference: {fileID: 0}
    - target: {fileID: 1027611004455100078, guid: 59a61fcae45daf74db184d7adda32190,
        type: 3}
      propertyPath: EmissionModule.m_Bursts.Array.data[0].countCurve.minCurve.m_Curve.Array.data[1].time
      value: 1
      objectReference: {fileID: 0}
    - target: {fileID: 1027611004455100078, guid: 59a61fcae45daf74db184d7adda32190,
        type: 3}
      propertyPath: EmissionModule.m_Bursts.Array.data[0].countCurve.minCurve.m_Curve.Array.data[1].value
      value: 1
      objectReference: {fileID: 0}
    - target: {fileID: 1027611004455100078, guid: 59a61fcae45daf74db184d7adda32190,
        type: 3}
      propertyPath: EmissionModule.m_Bursts.Array.data[0].countCurve.minCurve.m_PreInfinity
      value: 2
      objectReference: {fileID: 0}
    - target: {fileID: 1027611004455100078, guid: 59a61fcae45daf74db184d7adda32190,
        type: 3}
      propertyPath: EmissionModule.m_Bursts.Array.data[0].countCurve.minCurve.m_PostInfinity
      value: 2
      objectReference: {fileID: 0}
    - target: {fileID: 1027611004455100078, guid: 59a61fcae45daf74db184d7adda32190,
        type: 3}
      propertyPath: EmissionModule.m_Bursts.Array.data[0].countCurve.minCurve.m_RotationOrder
      value: 4
      objectReference: {fileID: 0}
    - target: {fileID: 1027611004455100078, guid: 59a61fcae45daf74db184d7adda32190,
        type: 3}
      propertyPath: EmissionModule.m_Bursts.Array.data[0].cycleCount
      value: 1
      objectReference: {fileID: 0}
    - target: {fileID: 1027611004455100078, guid: 59a61fcae45daf74db184d7adda32190,
        type: 3}
      propertyPath: EmissionModule.m_Bursts.Array.data[0].repeatInterval
      value: 0.015
      objectReference: {fileID: 0}
    - target: {fileID: 1027611004455100078, guid: 59a61fcae45daf74db184d7adda32190,
        type: 3}
      propertyPath: EmissionModule.m_Bursts.Array.data[0].probability
      value: 1
      objectReference: {fileID: 0}
    - target: {fileID: 1027611004455100078, guid: 59a61fcae45daf74db184d7adda32190,
        type: 3}
      propertyPath: EmissionModule.m_Bursts.Array.data[0].countCurve.maxCurve.m_Curve.Array.data[0].inWeight
      value: 0.33333334
      objectReference: {fileID: 0}
    - target: {fileID: 1027611004455100078, guid: 59a61fcae45daf74db184d7adda32190,
        type: 3}
      propertyPath: EmissionModule.m_Bursts.Array.data[0].countCurve.maxCurve.m_Curve.Array.data[0].outWeight
      value: 0.33333334
      objectReference: {fileID: 0}
    - target: {fileID: 1027611004455100078, guid: 59a61fcae45daf74db184d7adda32190,
        type: 3}
      propertyPath: EmissionModule.m_Bursts.Array.data[0].countCurve.maxCurve.m_Curve.Array.data[1].inWeight
      value: 0.33333334
      objectReference: {fileID: 0}
    - target: {fileID: 1027611004455100078, guid: 59a61fcae45daf74db184d7adda32190,
        type: 3}
      propertyPath: EmissionModule.m_Bursts.Array.data[0].countCurve.maxCurve.m_Curve.Array.data[1].outWeight
      value: 0.33333334
      objectReference: {fileID: 0}
    - target: {fileID: 1027611004455100078, guid: 59a61fcae45daf74db184d7adda32190,
        type: 3}
      propertyPath: EmissionModule.m_Bursts.Array.data[0].countCurve.minCurve.m_Curve.Array.data[0].inWeight
      value: 0.33333334
      objectReference: {fileID: 0}
    - target: {fileID: 1027611004455100078, guid: 59a61fcae45daf74db184d7adda32190,
        type: 3}
      propertyPath: EmissionModule.m_Bursts.Array.data[0].countCurve.minCurve.m_Curve.Array.data[0].outWeight
      value: 0.33333334
      objectReference: {fileID: 0}
    - target: {fileID: 1027611004455100078, guid: 59a61fcae45daf74db184d7adda32190,
        type: 3}
      propertyPath: EmissionModule.m_Bursts.Array.data[0].countCurve.minCurve.m_Curve.Array.data[1].inWeight
      value: 0.33333334
      objectReference: {fileID: 0}
    - target: {fileID: 1027611004455100078, guid: 59a61fcae45daf74db184d7adda32190,
        type: 3}
      propertyPath: EmissionModule.m_Bursts.Array.data[0].countCurve.minCurve.m_Curve.Array.data[1].outWeight
      value: 0.33333334
      objectReference: {fileID: 0}
    - target: {fileID: 1027611004455100078, guid: 59a61fcae45daf74db184d7adda32190,
        type: 3}
      propertyPath: EmissionModule.m_Bursts.Array.data[1].countCurve.maxCurve.m_Curve.Array.data[0].inWeight
      value: 0.33333334
      objectReference: {fileID: 0}
    - target: {fileID: 1027611004455100078, guid: 59a61fcae45daf74db184d7adda32190,
        type: 3}
      propertyPath: EmissionModule.m_Bursts.Array.data[1].countCurve.maxCurve.m_Curve.Array.data[0].outWeight
      value: 0.33333334
      objectReference: {fileID: 0}
    - target: {fileID: 1027611004455100078, guid: 59a61fcae45daf74db184d7adda32190,
        type: 3}
      propertyPath: EmissionModule.m_Bursts.Array.data[1].countCurve.maxCurve.m_Curve.Array.data[1].inWeight
      value: 0.33333334
      objectReference: {fileID: 0}
    - target: {fileID: 1027611004455100078, guid: 59a61fcae45daf74db184d7adda32190,
        type: 3}
      propertyPath: EmissionModule.m_Bursts.Array.data[1].countCurve.maxCurve.m_Curve.Array.data[1].outWeight
      value: 0.33333334
      objectReference: {fileID: 0}
    - target: {fileID: 1027611004455100078, guid: 59a61fcae45daf74db184d7adda32190,
        type: 3}
      propertyPath: EmissionModule.m_Bursts.Array.data[1].countCurve.minCurve.m_Curve.Array.data[0].inWeight
      value: 0.33333334
      objectReference: {fileID: 0}
    - target: {fileID: 1027611004455100078, guid: 59a61fcae45daf74db184d7adda32190,
        type: 3}
      propertyPath: EmissionModule.m_Bursts.Array.data[1].countCurve.minCurve.m_Curve.Array.data[0].outWeight
      value: 0.33333334
      objectReference: {fileID: 0}
    - target: {fileID: 1027611004455100078, guid: 59a61fcae45daf74db184d7adda32190,
        type: 3}
      propertyPath: EmissionModule.m_Bursts.Array.data[1].countCurve.minCurve.m_Curve.Array.data[1].inWeight
      value: 0.33333334
      objectReference: {fileID: 0}
    - target: {fileID: 1027611004455100078, guid: 59a61fcae45daf74db184d7adda32190,
        type: 3}
      propertyPath: EmissionModule.m_Bursts.Array.data[1].countCurve.minCurve.m_Curve.Array.data[1].outWeight
      value: 0.33333334
      objectReference: {fileID: 0}
    - target: {fileID: 1496838654930978427, guid: 59a61fcae45daf74db184d7adda32190,
        type: 3}
      propertyPath: m_Name
      value: sparkles
      objectReference: {fileID: 0}
    - target: {fileID: 4975633604324569237, guid: 59a61fcae45daf74db184d7adda32190,
        type: 3}
      propertyPath: m_Materials.Array.data[0]
      value: 
      objectReference: {fileID: 2100000, guid: 47c92eecf41ce874fb576c15c76ec0bf, type: 2}
    - target: {fileID: 5148369969235092943, guid: 59a61fcae45daf74db184d7adda32190,
        type: 3}
      propertyPath: m_LocalPosition.x
      value: 0.0156
      objectReference: {fileID: 0}
    - target: {fileID: 5148369969235092943, guid: 59a61fcae45daf74db184d7adda32190,
        type: 3}
      propertyPath: m_LocalPosition.y
      value: -0.0021
      objectReference: {fileID: 0}
    - target: {fileID: 5148369969235092943, guid: 59a61fcae45daf74db184d7adda32190,
        type: 3}
      propertyPath: m_LocalPosition.z
      value: 0
      objectReference: {fileID: 0}
    - target: {fileID: 5148369969235092943, guid: 59a61fcae45daf74db184d7adda32190,
        type: 3}
      propertyPath: m_LocalRotation.x
      value: 0
      objectReference: {fileID: 0}
    - target: {fileID: 5148369969235092943, guid: 59a61fcae45daf74db184d7adda32190,
        type: 3}
      propertyPath: m_LocalRotation.y
      value: 0
      objectReference: {fileID: 0}
    - target: {fileID: 5148369969235092943, guid: 59a61fcae45daf74db184d7adda32190,
        type: 3}
      propertyPath: m_LocalRotation.z
      value: 0
      objectReference: {fileID: 0}
    - target: {fileID: 5148369969235092943, guid: 59a61fcae45daf74db184d7adda32190,
        type: 3}
      propertyPath: m_LocalRotation.w
      value: 1
      objectReference: {fileID: 0}
    - target: {fileID: 5148369969235092943, guid: 59a61fcae45daf74db184d7adda32190,
        type: 3}
      propertyPath: m_RootOrder
      value: 3
      objectReference: {fileID: 0}
    - target: {fileID: 5148369969235092943, guid: 59a61fcae45daf74db184d7adda32190,
        type: 3}
      propertyPath: m_LocalEulerAnglesHint.x
      value: -90
      objectReference: {fileID: 0}
    - target: {fileID: 5148369969235092943, guid: 59a61fcae45daf74db184d7adda32190,
        type: 3}
      propertyPath: m_LocalEulerAnglesHint.y
      value: 0
      objectReference: {fileID: 0}
    - target: {fileID: 5148369969235092943, guid: 59a61fcae45daf74db184d7adda32190,
        type: 3}
      propertyPath: m_LocalEulerAnglesHint.z
      value: 0
      objectReference: {fileID: 0}
    m_RemovedComponents: []
  m_SourcePrefab: {fileID: 100100000, guid: 59a61fcae45daf74db184d7adda32190, type: 3}
--- !u!4 &8295565259883146858 stripped
Transform:
  m_CorrespondingSourceObject: {fileID: 5148369969235092943, guid: 59a61fcae45daf74db184d7adda32190,
    type: 3}
  m_PrefabInstance: {fileID: 3777793943063497637}
  m_PrefabAsset: {fileID: 0}
