%YAML 1.1
%TAG !u! tag:unity3d.com,2011:
--- !u!1 &2707625472983500929
GameObject:
  m_ObjectHideFlags: 0
  m_CorrespondingSourceObject: {fileID: 0}
  m_PrefabInstance: {fileID: 0}
  m_PrefabAsset: {fileID: 0}
  serializedVersion: 6
  m_Component:
  - component: {fileID: 2707625472983500958}
  - component: {fileID: 2707625472983500955}
  - component: {fileID: 2707625472983500954}
  - component: {fileID: 2707625472983500956}
  - component: {fileID: 2707625472983500959}
  - component: {fileID: 2528456649080436399}
  m_Layer: 0
  m_Name: test_othello piece
  m_TagString: Untagged
  m_Icon: {fileID: 0}
  m_NavMeshLayer: 0
  m_StaticEditorFlags: 0
  m_IsActive: 1
--- !u!4 &2707625472983500958
Transform:
  m_ObjectHideFlags: 0
  m_CorrespondingSourceObject: {fileID: 0}
  m_PrefabInstance: {fileID: 0}
  m_PrefabAsset: {fileID: 0}
  m_GameObject: {fileID: 2707625472983500929}
  m_LocalRotation: {x: -0, y: -0, z: -0, w: 1}
  m_LocalPosition: {x: -2.6014748, y: 0.09, z: 2.9222412}
  m_LocalScale: {x: 1, y: 1, z: 1}
  m_Children:
  - {fileID: 7518080479070166441}
  m_Father: {fileID: 0}
  m_RootOrder: 0
  m_LocalEulerAnglesHint: {x: 0, y: 0, z: 0}
--- !u!33 &2707625472983500955
MeshFilter:
  m_ObjectHideFlags: 0
  m_CorrespondingSourceObject: {fileID: 0}
  m_PrefabInstance: {fileID: 0}
  m_PrefabAsset: {fileID: 0}
  m_GameObject: {fileID: 2707625472983500929}
  m_Mesh: {fileID: -2432090755550338912, guid: b6b0dfe722bee8c4fa9bf46ceb03c2c4, type: 3}
--- !u!23 &2707625472983500954
MeshRenderer:
  m_ObjectHideFlags: 0
  m_CorrespondingSourceObject: {fileID: 0}
  m_PrefabInstance: {fileID: 0}
  m_PrefabAsset: {fileID: 0}
  m_GameObject: {fileID: 2707625472983500929}
  m_Enabled: 1
  m_CastShadows: 1
  m_ReceiveShadows: 1
  m_DynamicOccludee: 1
  m_MotionVectors: 1
  m_LightProbeUsage: 1
  m_ReflectionProbeUsage: 1
  m_RayTracingMode: 2
  m_RenderingLayerMask: 1
  m_RendererPriority: 0
  m_Materials:
  - {fileID: 2100000, guid: f2fdc23be2d870b44b95cfe9979d1018, type: 2}
  m_StaticBatchInfo:
    firstSubMesh: 0
    subMeshCount: 0
  m_StaticBatchRoot: {fileID: 0}
  m_ProbeAnchor: {fileID: 0}
  m_LightProbeVolumeOverride: {fileID: 0}
  m_ScaleInLightmap: 1
  m_ReceiveGI: 1
  m_PreserveUVs: 0
  m_IgnoreNormalsForChartDetection: 0
  m_ImportantGI: 0
  m_StitchLightmapSeams: 1
  m_SelectedEditorRenderState: 3
  m_MinimumChartSize: 4
  m_AutoUVMaxDistance: 0.5
  m_AutoUVMaxAngle: 89
  m_LightmapParameters: {fileID: 0}
  m_SortingLayerID: 0
  m_SortingLayer: 0
  m_SortingOrder: 0
--- !u!135 &2707625472983500956
SphereCollider:
  m_ObjectHideFlags: 0
  m_CorrespondingSourceObject: {fileID: 0}
  m_PrefabInstance: {fileID: 0}
  m_PrefabAsset: {fileID: 0}
  m_GameObject: {fileID: 2707625472983500929}
  m_Material: {fileID: 0}
  m_IsTrigger: 1
  m_Enabled: 1
  serializedVersion: 2
  m_Radius: 1.14
  m_Center: {x: 0, y: 0, z: 0}
--- !u!114 &2707625472983500959
MonoBehaviour:
  m_ObjectHideFlags: 0
  m_CorrespondingSourceObject: {fileID: 0}
  m_PrefabInstance: {fileID: 0}
  m_PrefabAsset: {fileID: 0}
  m_GameObject: {fileID: 2707625472983500929}
  m_Enabled: 1
  m_EditorHideFlags: 0
  m_Script: {fileID: 11500000, guid: adf4216bb5e9aa04eab0645fdac507fb, type: 3}
  m_Name: 
  m_EditorClassIdentifier: 
  color: 1
  coords: {x: 0, y: 0}
  othelloPuzzle: {fileID: 0}
--- !u!114 &2528456649080436399
MonoBehaviour:
  m_ObjectHideFlags: 0
  m_CorrespondingSourceObject: {fileID: 0}
  m_PrefabInstance: {fileID: 0}
  m_PrefabAsset: {fileID: 0}
  m_GameObject: {fileID: 2707625472983500929}
  m_Enabled: 1
  m_EditorHideFlags: 0
  m_Script: {fileID: 11500000, guid: 66008f24b32d2c646ae51749882f3abc, type: 3}
  m_Name: 
  m_EditorClassIdentifier: 
--- !u!1001 &3397747568339155046
PrefabInstance:
  m_ObjectHideFlags: 0
  serializedVersion: 2
  m_Modification:
    m_TransformParent: {fileID: 2707625472983500958}
    m_Modifications:
    - target: {fileID: 1496838654930978427, guid: 59a61fcae45daf74db184d7adda32190,
        type: 3}
      propertyPath: m_Name
      value: sparkles
      objectReference: {fileID: 0}
    - target: {fileID: 5148369969235092943, guid: 59a61fcae45daf74db184d7adda32190,
        type: 3}
      propertyPath: m_LocalPosition.x
      value: 0
      objectReference: {fileID: 0}
    - target: {fileID: 5148369969235092943, guid: 59a61fcae45daf74db184d7adda32190,
        type: 3}
      propertyPath: m_LocalPosition.y
      value: 0
      objectReference: {fileID: 0}
    - target: {fileID: 5148369969235092943, guid: 59a61fcae45daf74db184d7adda32190,
        type: 3}
      propertyPath: m_LocalPosition.z
      value: 0
      objectReference: {fileID: 0}
    - target: {fileID: 5148369969235092943, guid: 59a61fcae45daf74db184d7adda32190,
        type: 3}
      propertyPath: m_LocalRotation.x
      value: 0
      objectReference: {fileID: 0}
    - target: {fileID: 5148369969235092943, guid: 59a61fcae45daf74db184d7adda32190,
        type: 3}
      propertyPath: m_LocalRotation.y
      value: 0
      objectReference: {fileID: 0}
    - target: {fileID: 5148369969235092943, guid: 59a61fcae45daf74db184d7adda32190,
        type: 3}
      propertyPath: m_LocalRotation.z
      value: 0
      objectReference: {fileID: 0}
    - target: {fileID: 5148369969235092943, guid: 59a61fcae45daf74db184d7adda32190,
        type: 3}
      propertyPath: m_LocalRotation.w
      value: 1
      objectReference: {fileID: 0}
    - target: {fileID: 5148369969235092943, guid: 59a61fcae45daf74db184d7adda32190,
        type: 3}
      propertyPath: m_RootOrder
      value: 0
      objectReference: {fileID: 0}
    - target: {fileID: 5148369969235092943, guid: 59a61fcae45daf74db184d7adda32190,
        type: 3}
      propertyPath: m_LocalEulerAnglesHint.x
      value: -90
      objectReference: {fileID: 0}
    - target: {fileID: 5148369969235092943, guid: 59a61fcae45daf74db184d7adda32190,
        type: 3}
      propertyPath: m_LocalEulerAnglesHint.y
      value: 0
      objectReference: {fileID: 0}
    - target: {fileID: 5148369969235092943, guid: 59a61fcae45daf74db184d7adda32190,
        type: 3}
      propertyPath: m_LocalEulerAnglesHint.z
      value: 0
      objectReference: {fileID: 0}
    m_RemovedComponents: []
  m_SourcePrefab: {fileID: 100100000, guid: 59a61fcae45daf74db184d7adda32190, type: 3}
--- !u!4 &7518080479070166441 stripped
Transform:
  m_CorrespondingSourceObject: {fileID: 5148369969235092943, guid: 59a61fcae45daf74db184d7adda32190,
    type: 3}
  m_PrefabInstance: {fileID: 3397747568339155046}
  m_PrefabAsset: {fileID: 0}
