%YAML 1.1
%TAG !u! tag:unity3d.com,2011:
--- !u!1 &768732558716678031
GameObject:
  m_ObjectHideFlags: 0
  m_CorrespondingSourceObject: {fileID: 0}
  m_PrefabInstance: {fileID: 0}
  m_PrefabAsset: {fileID: 0}
  serializedVersion: 6
  m_Component:
  - component: {fileID: 135326366083446069}
  - component: {fileID: 3913378528605436560}
  - component: {fileID: 1273368881456090714}
  - component: {fileID: 8701824148096802837}
  m_Layer: 0
  m_Name: test_final door
  m_TagString: Untagged
  m_Icon: {fileID: 0}
  m_NavMeshLayer: 0
  m_StaticEditorFlags: 0
  m_IsActive: 1
--- !u!4 &135326366083446069
Transform:
  m_ObjectHideFlags: 0
  m_CorrespondingSourceObject: {fileID: 0}
  m_PrefabInstance: {fileID: 0}
  m_PrefabAsset: {fileID: 0}
  m_GameObject: {fileID: 768732558716678031}
  m_LocalRotation: {x: 0, y: 0.7071068, z: 0, w: 0.7071068}
  m_LocalPosition: {x: 0.8, y: -4.7, z: 11.2}
  m_LocalScale: {x: 0.44557908, y: 0.44557908, z: 0.44557908}
  m_Children:
  - {fileID: 1438251257653993029}
  - {fileID: 246150841432622918}
  m_Father: {fileID: 0}
  m_RootOrder: 0
  m_LocalEulerAnglesHint: {x: 0, y: 90, z: 0}
--- !u!33 &3913378528605436560
MeshFilter:
  m_ObjectHideFlags: 0
  m_CorrespondingSourceObject: {fileID: 0}
  m_PrefabInstance: {fileID: 0}
  m_PrefabAsset: {fileID: 0}
  m_GameObject: {fileID: 768732558716678031}
  m_Mesh: {fileID: -7652597761601566591, guid: 5d7ad80194bbdec4eaf9e97ab5bae6bd, type: 3}
--- !u!23 &1273368881456090714
MeshRenderer:
  m_ObjectHideFlags: 0
  m_CorrespondingSourceObject: {fileID: 0}
  m_PrefabInstance: {fileID: 0}
  m_PrefabAsset: {fileID: 0}
  m_GameObject: {fileID: 768732558716678031}
  m_Enabled: 0
  m_CastShadows: 1
  m_ReceiveShadows: 1
  m_DynamicOccludee: 1
  m_MotionVectors: 1
  m_LightProbeUsage: 1
  m_ReflectionProbeUsage: 1
  m_RayTracingMode: 2
  m_RenderingLayerMask: 1
  m_RendererPriority: 0
  m_Materials:
  - {fileID: 5561349426305759274, guid: 5d7ad80194bbdec4eaf9e97ab5bae6bd, type: 3}
  m_StaticBatchInfo:
    firstSubMesh: 0
    subMeshCount: 0
  m_StaticBatchRoot: {fileID: 0}
  m_ProbeAnchor: {fileID: 0}
  m_LightProbeVolumeOverride: {fileID: 0}
  m_ScaleInLightmap: 1
  m_ReceiveGI: 1
  m_PreserveUVs: 0
  m_IgnoreNormalsForChartDetection: 0
  m_ImportantGI: 0
  m_StitchLightmapSeams: 1
  m_SelectedEditorRenderState: 3
  m_MinimumChartSize: 4
  m_AutoUVMaxDistance: 0.5
  m_AutoUVMaxAngle: 89
  m_LightmapParameters: {fileID: 0}
  m_SortingLayerID: 0
  m_SortingLayer: 0
  m_SortingOrder: 0
--- !u!114 &8701824148096802837
MonoBehaviour:
  m_ObjectHideFlags: 0
  m_CorrespondingSourceObject: {fileID: 0}
  m_PrefabInstance: {fileID: 0}
  m_PrefabAsset: {fileID: 0}
  m_GameObject: {fileID: 768732558716678031}
  m_Enabled: 1
  m_EditorHideFlags: 0
  m_Script: {fileID: 11500000, guid: 53001e05784a2ba47a95c7bdafb18b13, type: 3}
  m_Name: 
  m_EditorClassIdentifier: 
  keyType: 0
  door: {fileID: 0}
  isOpen: 0
  isLocked: 0
  isFinalDoor: 0
  doorPortal: {fileID: 1438251257653993033}
--- !u!1001 &1101548232126833607
PrefabInstance:
  m_ObjectHideFlags: 0
  serializedVersion: 2
  m_Modification:
    m_TransformParent: {fileID: 135326366083446069}
    m_Modifications:
    - target: {fileID: 874820539282121857, guid: 8f8c294e3ed69424f881d05001e31c97,
        type: 3}
      propertyPath: m_LocalPosition.x
      value: 0
      objectReference: {fileID: 0}
    - target: {fileID: 874820539282121857, guid: 8f8c294e3ed69424f881d05001e31c97,
        type: 3}
      propertyPath: m_LocalPosition.y
      value: 0
      objectReference: {fileID: 0}
    - target: {fileID: 874820539282121857, guid: 8f8c294e3ed69424f881d05001e31c97,
        type: 3}
      propertyPath: m_LocalPosition.z
      value: 0
      objectReference: {fileID: 0}
    - target: {fileID: 874820539282121857, guid: 8f8c294e3ed69424f881d05001e31c97,
        type: 3}
      propertyPath: m_LocalRotation.x
      value: 0
      objectReference: {fileID: 0}
    - target: {fileID: 874820539282121857, guid: 8f8c294e3ed69424f881d05001e31c97,
        type: 3}
      propertyPath: m_LocalRotation.y
      value: 0.7071068
      objectReference: {fileID: 0}
    - target: {fileID: 874820539282121857, guid: 8f8c294e3ed69424f881d05001e31c97,
        type: 3}
      propertyPath: m_LocalRotation.z
      value: 0
      objectReference: {fileID: 0}
    - target: {fileID: 874820539282121857, guid: 8f8c294e3ed69424f881d05001e31c97,
        type: 3}
      propertyPath: m_LocalRotation.w
      value: 0.7071068
      objectReference: {fileID: 0}
    - target: {fileID: 874820539282121857, guid: 8f8c294e3ed69424f881d05001e31c97,
        type: 3}
      propertyPath: m_RootOrder
      value: 1
      objectReference: {fileID: 0}
    - target: {fileID: 874820539282121857, guid: 8f8c294e3ed69424f881d05001e31c97,
        type: 3}
      propertyPath: m_LocalEulerAnglesHint.x
      value: 0
      objectReference: {fileID: 0}
    - target: {fileID: 874820539282121857, guid: 8f8c294e3ed69424f881d05001e31c97,
        type: 3}
      propertyPath: m_LocalEulerAnglesHint.y
      value: 90
      objectReference: {fileID: 0}
    - target: {fileID: 874820539282121857, guid: 8f8c294e3ed69424f881d05001e31c97,
        type: 3}
      propertyPath: m_LocalEulerAnglesHint.z
      value: 0
      objectReference: {fileID: 0}
    - target: {fileID: 874820539282121857, guid: 8f8c294e3ed69424f881d05001e31c97,
        type: 3}
      propertyPath: m_LocalScale.x
      value: 2.5
      objectReference: {fileID: 0}
    - target: {fileID: 874820539282121857, guid: 8f8c294e3ed69424f881d05001e31c97,
        type: 3}
      propertyPath: m_LocalScale.y
      value: 2.5
      objectReference: {fileID: 0}
    - target: {fileID: 874820539282121857, guid: 8f8c294e3ed69424f881d05001e31c97,
        type: 3}
      propertyPath: m_LocalScale.z
      value: 2.5
      objectReference: {fileID: 0}
    - target: {fileID: 3963837911645113700, guid: 8f8c294e3ed69424f881d05001e31c97,
        type: 3}
      propertyPath: m_Name
      value: Door_FinalDoor
      objectReference: {fileID: 0}
    m_RemovedComponents: []
  m_SourcePrefab: {fileID: 100100000, guid: 8f8c294e3ed69424f881d05001e31c97, type: 3}
--- !u!4 &246150841432622918 stripped
Transform:
  m_CorrespondingSourceObject: {fileID: 874820539282121857, guid: 8f8c294e3ed69424f881d05001e31c97,
    type: 3}
  m_PrefabInstance: {fileID: 1101548232126833607}
  m_PrefabAsset: {fileID: 0}
--- !u!1001 &4980908741640902113
PrefabInstance:
  m_ObjectHideFlags: 0
  serializedVersion: 2
  m_Modification:
    m_TransformParent: {fileID: 135326366083446069}
    m_Modifications:
    - target: {fileID: 6262835799337552804, guid: d78162b0956bafa4583feccb394b7ae9,
        type: 3}
      propertyPath: m_LocalPosition.x
      value: 3.3
      objectReference: {fileID: 0}
    - target: {fileID: 6262835799337552804, guid: d78162b0956bafa4583feccb394b7ae9,
        type: 3}
      propertyPath: m_LocalPosition.y
      value: 11.3
      objectReference: {fileID: 0}
    - target: {fileID: 6262835799337552804, guid: d78162b0956bafa4583feccb394b7ae9,
        type: 3}
      propertyPath: m_LocalPosition.z
      value: -0.2
      objectReference: {fileID: 0}
    - target: {fileID: 6262835799337552804, guid: d78162b0956bafa4583feccb394b7ae9,
        type: 3}
      propertyPath: m_LocalRotation.x
      value: -0
      objectReference: {fileID: 0}
    - target: {fileID: 6262835799337552804, guid: d78162b0956bafa4583feccb394b7ae9,
        type: 3}
      propertyPath: m_LocalRotation.y
      value: -0
      objectReference: {fileID: 0}
    - target: {fileID: 6262835799337552804, guid: d78162b0956bafa4583feccb394b7ae9,
        type: 3}
      propertyPath: m_LocalRotation.z
      value: 0.7071068
      objectReference: {fileID: 0}
    - target: {fileID: 6262835799337552804, guid: d78162b0956bafa4583feccb394b7ae9,
        type: 3}
      propertyPath: m_LocalRotation.w
      value: 0.7071068
      objectReference: {fileID: 0}
    - target: {fileID: 6262835799337552804, guid: d78162b0956bafa4583feccb394b7ae9,
        type: 3}
      propertyPath: m_RootOrder
      value: 0
      objectReference: {fileID: 0}
    - target: {fileID: 6262835799337552804, guid: d78162b0956bafa4583feccb394b7ae9,
        type: 3}
      propertyPath: m_LocalEulerAnglesHint.x
      value: 0
      objectReference: {fileID: 0}
    - target: {fileID: 6262835799337552804, guid: d78162b0956bafa4583feccb394b7ae9,
        type: 3}
      propertyPath: m_LocalEulerAnglesHint.y
      value: 0
      objectReference: {fileID: 0}
    - target: {fileID: 6262835799337552804, guid: d78162b0956bafa4583feccb394b7ae9,
        type: 3}
      propertyPath: m_LocalEulerAnglesHint.z
      value: 90
      objectReference: {fileID: 0}
    - target: {fileID: 6262835799337552804, guid: d78162b0956bafa4583feccb394b7ae9,
        type: 3}
      propertyPath: m_LocalScale.x
      value: 17.505356
      objectReference: {fileID: 0}
    - target: {fileID: 6262835799337552804, guid: d78162b0956bafa4583feccb394b7ae9,
        type: 3}
      propertyPath: m_LocalScale.y
      value: 1.4111973
      objectReference: {fileID: 0}
    - target: {fileID: 6262835799337552804, guid: d78162b0956bafa4583feccb394b7ae9,
        type: 3}
      propertyPath: m_LocalScale.z
      value: 17.505358
      objectReference: {fileID: 0}
    - target: {fileID: 6262835799337552808, guid: d78162b0956bafa4583feccb394b7ae9,
        type: 3}
      propertyPath: m_Name
      value: test_gate portal
      objectReference: {fileID: 0}
    m_RemovedComponents:
    - {fileID: 7336732951350266086, guid: d78162b0956bafa4583feccb394b7ae9, type: 3}
  m_SourcePrefab: {fileID: 100100000, guid: d78162b0956bafa4583feccb394b7ae9, type: 3}
--- !u!1 &1438251257653993033 stripped
GameObject:
  m_CorrespondingSourceObject: {fileID: 6262835799337552808, guid: d78162b0956bafa4583feccb394b7ae9,
    type: 3}
  m_PrefabInstance: {fileID: 4980908741640902113}
  m_PrefabAsset: {fileID: 0}
--- !u!4 &1438251257653993029 stripped
Transform:
  m_CorrespondingSourceObject: {fileID: 6262835799337552804, guid: d78162b0956bafa4583feccb394b7ae9,
    type: 3}
  m_PrefabInstance: {fileID: 4980908741640902113}
  m_PrefabAsset: {fileID: 0}
