%YAML 1.1
%TAG !u! tag:unity3d.com,2011:
--- !u!1 &830761615576747695
GameObject:
  m_ObjectHideFlags: 0
  m_CorrespondingSourceObject: {fileID: 0}
  m_PrefabInstance: {fileID: 0}
  m_PrefabAsset: {fileID: 0}
  serializedVersion: 6
  m_Component:
  - component: {fileID: 7827164356216646386}
  m_Layer: 0
  m_Name: Sliding Door
  m_TagString: Untagged
  m_Icon: {fileID: 0}
  m_NavMeshLayer: 0
  m_StaticEditorFlags: 0
  m_IsActive: 1
--- !u!4 &7827164356216646386
Transform:
  m_ObjectHideFlags: 0
  m_CorrespondingSourceObject: {fileID: 0}
  m_PrefabInstance: {fileID: 0}
  m_PrefabAsset: {fileID: 0}
  m_GameObject: {fileID: 830761615576747695}
  m_LocalRotation: {x: -0, y: -0, z: -0, w: 1}
  m_LocalPosition: {x: -1.81, y: 0.29, z: -0.04}
  m_LocalScale: {x: 1, y: 1, z: 1}
  m_Children:
  - {fileID: 8781780750362596612}
  m_Father: {fileID: 5586869860649877529}
  m_RootOrder: 0
  m_LocalEulerAnglesHint: {x: 0, y: 0, z: 0}
--- !u!1 &3202013707883149015
GameObject:
  m_ObjectHideFlags: 0
  m_CorrespondingSourceObject: {fileID: 0}
  m_PrefabInstance: {fileID: 0}
  m_PrefabAsset: {fileID: 0}
  serializedVersion: 6
  m_Component:
  - component: {fileID: 5959733880552817388}
  m_Layer: 0
  m_Name: SpawnPos
  m_TagString: Untagged
  m_Icon: {fileID: 0}
  m_NavMeshLayer: 0
  m_StaticEditorFlags: 0
  m_IsActive: 1
--- !u!4 &5959733880552817388
Transform:
  m_ObjectHideFlags: 0
  m_CorrespondingSourceObject: {fileID: 0}
  m_PrefabInstance: {fileID: 0}
  m_PrefabAsset: {fileID: 0}
  m_GameObject: {fileID: 3202013707883149015}
  m_LocalRotation: {x: 0, y: 0, z: 0, w: 1}
  m_LocalPosition: {x: -1.77, y: -0.65, z: -1.59}
  m_LocalScale: {x: 1, y: 1, z: 1}
  m_Children: []
  m_Father: {fileID: 5586869860649877529}
  m_RootOrder: 2
  m_LocalEulerAnglesHint: {x: 0, y: 0, z: 0}
--- !u!1 &5586869860649877528
GameObject:
  m_ObjectHideFlags: 0
  m_CorrespondingSourceObject: {fileID: 0}
  m_PrefabInstance: {fileID: 0}
  m_PrefabAsset: {fileID: 0}
  serializedVersion: 6
  m_Component:
  - component: {fileID: 5586869860649877529}
  - component: {fileID: 8909036170535384797}
  - component: {fileID: 4966745656287840620}
  - component: {fileID: 5586869860649877526}
  - component: {fileID: 4290156039590409731}
  - component: {fileID: 6223419624643006958}
  m_Layer: 11
  m_Name: test_sliding door
  m_TagString: Untagged
  m_Icon: {fileID: 0}
  m_NavMeshLayer: 0
  m_StaticEditorFlags: 0
  m_IsActive: 1
--- !u!4 &5586869860649877529
Transform:
  m_ObjectHideFlags: 0
  m_CorrespondingSourceObject: {fileID: 0}
  m_PrefabInstance: {fileID: 0}
  m_PrefabAsset: {fileID: 0}
  m_GameObject: {fileID: 5586869860649877528}
  m_LocalRotation: {x: 0, y: -0.38268343, z: 0, w: 0.92387956}
  m_LocalPosition: {x: 0, y: 0, z: 0}
  m_LocalScale: {x: 1, y: 1, z: 1}
  m_Children:
  - {fileID: 7827164356216646386}
  - {fileID: 5586869860893868954}
  - {fileID: 5959733880552817388}
  - {fileID: 9078137484682180946}
  m_Father: {fileID: 0}
  m_RootOrder: 0
  m_LocalEulerAnglesHint: {x: 0, y: -45, z: 0}
--- !u!65 &8909036170535384797
BoxCollider:
  m_ObjectHideFlags: 0
  m_CorrespondingSourceObject: {fileID: 0}
  m_PrefabInstance: {fileID: 0}
  m_PrefabAsset: {fileID: 0}
  m_GameObject: {fileID: 5586869860649877528}
  m_Material: {fileID: 0}
  m_IsTrigger: 1
  m_Enabled: 1
  serializedVersion: 2
  m_Size: {x: 4.496882, y: 4.2346096, z: 1.5934143}
  m_Center: {x: -0.5594431, y: 1.0584047, z: -0.92852473}
--- !u!65 &4966745656287840620
BoxCollider:
  m_ObjectHideFlags: 0
  m_CorrespondingSourceObject: {fileID: 0}
  m_PrefabInstance: {fileID: 0}
  m_PrefabAsset: {fileID: 0}
  m_GameObject: {fileID: 5586869860649877528}
  m_Material: {fileID: 0}
  m_IsTrigger: 0
  m_Enabled: 1
  serializedVersion: 2
  m_Size: {x: 2.1050215, y: 4.099081, z: 0.18}
  m_Center: {x: -1.745201, y: 1.0168624, z: -0.060000155}
--- !u!65 &5586869860649877526
BoxCollider:
  m_ObjectHideFlags: 0
  m_CorrespondingSourceObject: {fileID: 0}
  m_PrefabInstance: {fileID: 0}
  m_PrefabAsset: {fileID: 0}
  m_GameObject: {fileID: 5586869860649877528}
  m_Material: {fileID: 0}
  m_IsTrigger: 0
  m_Enabled: 0
  serializedVersion: 2
  m_Size: {x: 2.1050215, y: 4.099081, z: 0.18}
  m_Center: {x: 0.59, y: 1.0168624, z: -0.060000155}
--- !u!114 &4290156039590409731
MonoBehaviour:
  m_ObjectHideFlags: 0
  m_CorrespondingSourceObject: {fileID: 0}
  m_PrefabInstance: {fileID: 0}
  m_PrefabAsset: {fileID: 0}
  m_GameObject: {fileID: 5586869860649877528}
  m_Enabled: 1
  m_EditorHideFlags: 0
  m_Script: {fileID: 11500000, guid: ecef4367733f9924dac9b1388a676d1a, type: 3}
  m_Name: 
  m_EditorClassIdentifier: 
  keyType: 0
  door: {fileID: 830761615576747695}
  isOpen: 0
  isLocked: 0
  isFinalDoor: 0
  slideDistance: -2.3
  spawnPos: {fileID: 5959733880552817388}
  portalCollider1: {fileID: 4966745656287840620}
  portalCollider2: {fileID: 5586869860649877526}
  exitPortal1: {fileID: 0}
  exitPortal2: {fileID: 0}
  teleportLayer: Player
--- !u!114 &6223419624643006958
MonoBehaviour:
  m_ObjectHideFlags: 0
  m_CorrespondingSourceObject: {fileID: 0}
  m_PrefabInstance: {fileID: 0}
  m_PrefabAsset: {fileID: 0}
  m_GameObject: {fileID: 5586869860649877528}
  m_Enabled: 1
  m_EditorHideFlags: 0
  m_Script: {fileID: 11500000, guid: 66008f24b32d2c646ae51749882f3abc, type: 3}
  m_Name: 
  m_EditorClassIdentifier: 
--- !u!1 &5586869860893868957
GameObject:
  m_ObjectHideFlags: 0
  m_CorrespondingSourceObject: {fileID: 0}
  m_PrefabInstance: {fileID: 0}
  m_PrefabAsset: {fileID: 0}
  serializedVersion: 6
  m_Component:
  - component: {fileID: 5586869860893868954}
  - component: {fileID: 5586869860893868950}
  - component: {fileID: 5586869860893868953}
  - component: {fileID: 5586869860893868952}
  m_Layer: 0
  m_Name: PORTAL 1
  m_TagString: OneWayPortal
  m_Icon: {fileID: 0}
  m_NavMeshLayer: 0
  m_StaticEditorFlags: 0
  m_IsActive: 1
--- !u!4 &5586869860893868954
Transform:
  m_ObjectHideFlags: 0
  m_CorrespondingSourceObject: {fileID: 0}
  m_PrefabInstance: {fileID: 0}
  m_PrefabAsset: {fileID: 0}
  m_GameObject: {fileID: 5586869860893868957}
  m_LocalRotation: {x: -0, y: -0, z: -0, w: 1}
  m_LocalPosition: {x: -0.498, y: 1.155, z: -0.09}
  m_LocalScale: {x: 4.63779, y: 4.4299135, z: 0.19500008}
  m_Children: []
  m_Father: {fileID: 5586869860649877529}
  m_RootOrder: 1
  m_LocalEulerAnglesHint: {x: 0, y: 0, z: 0}
--- !u!33 &5586869860893868950
MeshFilter:
  m_ObjectHideFlags: 0
  m_CorrespondingSourceObject: {fileID: 0}
  m_PrefabInstance: {fileID: 0}
  m_PrefabAsset: {fileID: 0}
  m_GameObject: {fileID: 5586869860893868957}
  m_Mesh: {fileID: 10202, guid: 0000000000000000e000000000000000, type: 0}
--- !u!23 &5586869860893868953
MeshRenderer:
  m_ObjectHideFlags: 0
  m_CorrespondingSourceObject: {fileID: 0}
  m_PrefabInstance: {fileID: 0}
  m_PrefabAsset: {fileID: 0}
  m_GameObject: {fileID: 5586869860893868957}
  m_Enabled: 1
  m_CastShadows: 1
  m_ReceiveShadows: 1
  m_DynamicOccludee: 1
  m_MotionVectors: 1
  m_LightProbeUsage: 1
  m_ReflectionProbeUsage: 1
  m_RayTracingMode: 2
  m_RenderingLayerMask: 1
  m_RendererPriority: 0
  m_Materials:
  - {fileID: 2100000, guid: 226184be38eb97b408342b9fa86ac6cf, type: 2}
  m_StaticBatchInfo:
    firstSubMesh: 0
    subMeshCount: 0
  m_StaticBatchRoot: {fileID: 0}
  m_ProbeAnchor: {fileID: 0}
  m_LightProbeVolumeOverride: {fileID: 0}
  m_ScaleInLightmap: 1
  m_ReceiveGI: 1
  m_PreserveUVs: 0
  m_IgnoreNormalsForChartDetection: 0
  m_ImportantGI: 0
  m_StitchLightmapSeams: 1
  m_SelectedEditorRenderState: 3
  m_MinimumChartSize: 4
  m_AutoUVMaxDistance: 0.5
  m_AutoUVMaxAngle: 89
  m_LightmapParameters: {fileID: 0}
  m_SortingLayerID: 0
  m_SortingLayer: 0
  m_SortingOrder: 0
--- !u!65 &5586869860893868952
BoxCollider:
  m_ObjectHideFlags: 0
  m_CorrespondingSourceObject: {fileID: 0}
  m_PrefabInstance: {fileID: 0}
  m_PrefabAsset: {fileID: 0}
  m_GameObject: {fileID: 5586869860893868957}
  m_Material: {fileID: 0}
  m_IsTrigger: 1
  m_Enabled: 0
  serializedVersion: 2
  m_Size: {x: 1, y: 1, z: 1}
  m_Center: {x: 0, y: 0, z: 0}
--- !u!1 &6502231206864144899
GameObject:
  m_ObjectHideFlags: 0
  m_CorrespondingSourceObject: {fileID: 0}
  m_PrefabInstance: {fileID: 0}
  m_PrefabAsset: {fileID: 0}
  serializedVersion: 6
  m_Component:
  - component: {fileID: 8781780750362596612}
  m_Layer: 0
  m_Name: Pivot
  m_TagString: Untagged
  m_Icon: {fileID: 0}
  m_NavMeshLayer: 0
  m_StaticEditorFlags: 0
  m_IsActive: 1
--- !u!4 &8781780750362596612
Transform:
  m_ObjectHideFlags: 0
  m_CorrespondingSourceObject: {fileID: 0}
  m_PrefabInstance: {fileID: 0}
  m_PrefabAsset: {fileID: 0}
  m_GameObject: {fileID: 6502231206864144899}
  m_LocalRotation: {x: 0, y: 0, z: 0, w: 1}
  m_LocalPosition: {x: 3.57, y: -1.359, z: -0.49}
  m_LocalScale: {x: 1, y: 1, z: 1.3501}
  m_Children:
  - {fileID: 9059972414781577383}
  - {fileID: 7134970412669599394}
  m_Father: {fileID: 7827164356216646386}
  m_RootOrder: 0
  m_LocalEulerAnglesHint: {x: 0, y: 0, z: 0}
--- !u!1 &6707362091710009536
GameObject:
  m_ObjectHideFlags: 0
  m_CorrespondingSourceObject: {fileID: 0}
  m_PrefabInstance: {fileID: 0}
  m_PrefabAsset: {fileID: 0}
  serializedVersion: 6
  m_Component:
  - component: {fileID: 7134970412669599394}
  - component: {fileID: 4534917021077392951}
  - component: {fileID: 4887813410167620522}
  - component: {fileID: 8535777543735312902}
  m_Layer: 0
  m_Name: model_door
  m_TagString: Obstacle
  m_Icon: {fileID: 0}
  m_NavMeshLayer: 0
  m_StaticEditorFlags: 0
  m_IsActive: 1
--- !u!4 &7134970412669599394
Transform:
  m_ObjectHideFlags: 0
  m_CorrespondingSourceObject: {fileID: 0}
  m_PrefabInstance: {fileID: 0}
  m_PrefabAsset: {fileID: 0}
  m_GameObject: {fileID: 6707362091710009536}
  m_LocalRotation: {x: -0, y: -0, z: -0, w: 1}
  m_LocalPosition: {x: -1.21, y: 2.18, z: 0.13999999}
  m_LocalScale: {x: 2.3014002, y: 4.192357, z: 0.18433079}
  m_Children: []
  m_Father: {fileID: 8781780750362596612}
  m_RootOrder: 1
  m_LocalEulerAnglesHint: {x: 0, y: 0, z: 0}
--- !u!33 &4534917021077392951
MeshFilter:
  m_ObjectHideFlags: 0
  m_CorrespondingSourceObject: {fileID: 0}
  m_PrefabInstance: {fileID: 0}
  m_PrefabAsset: {fileID: 0}
  m_GameObject: {fileID: 6707362091710009536}
  m_Mesh: {fileID: 10202, guid: 0000000000000000e000000000000000, type: 0}
--- !u!23 &4887813410167620522
MeshRenderer:
  m_ObjectHideFlags: 0
  m_CorrespondingSourceObject: {fileID: 0}
  m_PrefabInstance: {fileID: 0}
  m_PrefabAsset: {fileID: 0}
  m_GameObject: {fileID: 6707362091710009536}
  m_Enabled: 1
  m_CastShadows: 1
  m_ReceiveShadows: 1
  m_DynamicOccludee: 1
  m_MotionVectors: 1
  m_LightProbeUsage: 1
  m_ReflectionProbeUsage: 1
  m_RayTracingMode: 2
  m_RenderingLayerMask: 1
  m_RendererPriority: 0
  m_Materials:
  - {fileID: 2100000, guid: cd0c48d1139fa964fa6125ba4683ed56, type: 2}
  m_StaticBatchInfo:
    firstSubMesh: 0
    subMeshCount: 0
  m_StaticBatchRoot: {fileID: 0}
  m_ProbeAnchor: {fileID: 0}
  m_LightProbeVolumeOverride: {fileID: 0}
  m_ScaleInLightmap: 1
  m_ReceiveGI: 1
  m_PreserveUVs: 0
  m_IgnoreNormalsForChartDetection: 0
  m_ImportantGI: 0
  m_StitchLightmapSeams: 1
  m_SelectedEditorRenderState: 3
  m_MinimumChartSize: 4
  m_AutoUVMaxDistance: 0.5
  m_AutoUVMaxAngle: 89
  m_LightmapParameters: {fileID: 0}
  m_SortingLayerID: 0
  m_SortingLayer: 0
  m_SortingOrder: 0
--- !u!65 &8535777543735312902
BoxCollider:
  m_ObjectHideFlags: 0
  m_CorrespondingSourceObject: {fileID: 0}
  m_PrefabInstance: {fileID: 0}
  m_PrefabAsset: {fileID: 0}
  m_GameObject: {fileID: 6707362091710009536}
  m_Material: {fileID: 0}
  m_IsTrigger: 0
  m_Enabled: 1
  serializedVersion: 2
  m_Size: {x: 1, y: 1, z: 1}
  m_Center: {x: 0, y: 0, z: 0}
--- !u!1 &9059972414781577376
GameObject:
  m_ObjectHideFlags: 0
  m_CorrespondingSourceObject: {fileID: 0}
  m_PrefabInstance: {fileID: 0}
  m_PrefabAsset: {fileID: 0}
  serializedVersion: 6
  m_Component:
  - component: {fileID: 9059972414781577383}
  - component: {fileID: 9059972414781577380}
  - component: {fileID: 9059972414781577381}
  - component: {fileID: 9059972414781577382}
  m_Layer: 0
  m_Name: Tearealm_SlidingDoorHalf (2)
  m_TagString: Untagged
  m_Icon: {fileID: 0}
  m_NavMeshLayer: 0
  m_StaticEditorFlags: 0
  m_IsActive: 1
--- !u!4 &9059972414781577383
Transform:
  m_ObjectHideFlags: 0
  m_CorrespondingSourceObject: {fileID: 0}
  m_PrefabInstance: {fileID: 0}
  m_PrefabAsset: {fileID: 0}
  m_GameObject: {fileID: 9059972414781577376}
  m_LocalRotation: {x: -0, y: 0.70710677, z: -0, w: 0.7071069}
  m_LocalPosition: {x: -1.21, y: 0, z: 0.14}
  m_LocalScale: {x: 0.72824514, y: 0.72824514, z: 0.72824514}
  m_Children: []
  m_Father: {fileID: 8781780750362596612}
  m_RootOrder: 0
  m_LocalEulerAnglesHint: {x: 0, y: 0, z: 0}
--- !u!33 &9059972414781577380
MeshFilter:
  m_ObjectHideFlags: 0
  m_CorrespondingSourceObject: {fileID: 0}
  m_PrefabInstance: {fileID: 0}
  m_PrefabAsset: {fileID: 0}
  m_GameObject: {fileID: 9059972414781577376}
  m_Mesh: {fileID: -116363083358287636, guid: dac9041955f0c4344a9b559e648d9373, type: 3}
--- !u!23 &9059972414781577381
MeshRenderer:
  m_ObjectHideFlags: 0
  m_CorrespondingSourceObject: {fileID: 0}
  m_PrefabInstance: {fileID: 0}
  m_PrefabAsset: {fileID: 0}
  m_GameObject: {fileID: 9059972414781577376}
  m_Enabled: 1
  m_CastShadows: 1
  m_ReceiveShadows: 1
  m_DynamicOccludee: 1
  m_MotionVectors: 1
  m_LightProbeUsage: 1
  m_ReflectionProbeUsage: 1
  m_RayTracingMode: 2
  m_RenderingLayerMask: 1
  m_RendererPriority: 0
  m_Materials:
  - {fileID: 2100000, guid: 26101d52f769ef342a4e27cccb39d12a, type: 2}
  m_StaticBatchInfo:
    firstSubMesh: 0
    subMeshCount: 0
  m_StaticBatchRoot: {fileID: 0}
  m_ProbeAnchor: {fileID: 0}
  m_LightProbeVolumeOverride: {fileID: 0}
  m_ScaleInLightmap: 1
  m_ReceiveGI: 1
  m_PreserveUVs: 0
  m_IgnoreNormalsForChartDetection: 0
  m_ImportantGI: 0
  m_StitchLightmapSeams: 1
  m_SelectedEditorRenderState: 3
  m_MinimumChartSize: 4
  m_AutoUVMaxDistance: 0.5
  m_AutoUVMaxAngle: 89
  m_LightmapParameters: {fileID: 0}
  m_SortingLayerID: 0
  m_SortingLayer: 0
  m_SortingOrder: 0
--- !u!64 &9059972414781577382
MeshCollider:
  m_ObjectHideFlags: 0
  m_CorrespondingSourceObject: {fileID: 0}
  m_PrefabInstance: {fileID: 0}
  m_PrefabAsset: {fileID: 0}
  m_GameObject: {fileID: 9059972414781577376}
  m_Material: {fileID: 0}
  m_IsTrigger: 0
  m_Enabled: 1
  serializedVersion: 4
  m_Convex: 1
  m_CookingOptions: 30
  m_Mesh: {fileID: -116363083358287636, guid: dac9041955f0c4344a9b559e648d9373, type: 3}
--- !u!1001 &4219497659819908253
PrefabInstance:
  m_ObjectHideFlags: 0
  serializedVersion: 2
  m_Modification:
    m_TransformParent: {fileID: 5586869860649877529}
    m_Modifications:
    - target: {fileID: 1027611004455100078, guid: 59a61fcae45daf74db184d7adda32190,
        type: 3}
      propertyPath: ShapeModule.type
      value: 5
      objectReference: {fileID: 0}
    - target: {fileID: 1027611004455100078, guid: 59a61fcae45daf74db184d7adda32190,
        type: 3}
      propertyPath: ShapeModule.m_Scale.z
      value: 1
      objectReference: {fileID: 0}
    - target: {fileID: 1027611004455100078, guid: 59a61fcae45daf74db184d7adda32190,
        type: 3}
      propertyPath: ShapeModule.m_Scale.x
      value: 11.1
      objectReference: {fileID: 0}
    - target: {fileID: 1027611004455100078, guid: 59a61fcae45daf74db184d7adda32190,
        type: 3}
      propertyPath: InitialModule.startLifetime.scalar
      value: 27
      objectReference: {fileID: 0}
    - target: {fileID: 1027611004455100078, guid: 59a61fcae45daf74db184d7adda32190,
        type: 3}
      propertyPath: ShapeModule.radiusThickness
      value: 1
      objectReference: {fileID: 0}
    - target: {fileID: 1496838654930978427, guid: 59a61fcae45daf74db184d7adda32190,
        type: 3}
      propertyPath: m_Name
      value: sparkles
      objectReference: {fileID: 0}
    - target: {fileID: 5148369969235092943, guid: 59a61fcae45daf74db184d7adda32190,
        type: 3}
      propertyPath: m_LocalPosition.x
      value: -0.54
      objectReference: {fileID: 0}
    - target: {fileID: 5148369969235092943, guid: 59a61fcae45daf74db184d7adda32190,
        type: 3}
      propertyPath: m_LocalPosition.y
      value: -0.57
      objectReference: {fileID: 0}
    - target: {fileID: 5148369969235092943, guid: 59a61fcae45daf74db184d7adda32190,
        type: 3}
      propertyPath: m_LocalPosition.z
      value: -0.55
      objectReference: {fileID: 0}
    - target: {fileID: 5148369969235092943, guid: 59a61fcae45daf74db184d7adda32190,
        type: 3}
      propertyPath: m_LocalRotation.x
      value: 0
      objectReference: {fileID: 0}
    - target: {fileID: 5148369969235092943, guid: 59a61fcae45daf74db184d7adda32190,
        type: 3}
      propertyPath: m_LocalRotation.y
      value: 0
      objectReference: {fileID: 0}
    - target: {fileID: 5148369969235092943, guid: 59a61fcae45daf74db184d7adda32190,
        type: 3}
      propertyPath: m_LocalRotation.z
      value: 0
      objectReference: {fileID: 0}
    - target: {fileID: 5148369969235092943, guid: 59a61fcae45daf74db184d7adda32190,
        type: 3}
      propertyPath: m_LocalRotation.w
      value: 1
      objectReference: {fileID: 0}
    - target: {fileID: 5148369969235092943, guid: 59a61fcae45daf74db184d7adda32190,
        type: 3}
      propertyPath: m_RootOrder
      value: 3
      objectReference: {fileID: 0}
    - target: {fileID: 5148369969235092943, guid: 59a61fcae45daf74db184d7adda32190,
        type: 3}
      propertyPath: m_LocalEulerAnglesHint.x
      value: -90
      objectReference: {fileID: 0}
    - target: {fileID: 5148369969235092943, guid: 59a61fcae45daf74db184d7adda32190,
        type: 3}
      propertyPath: m_LocalEulerAnglesHint.y
      value: 0
      objectReference: {fileID: 0}
    - target: {fileID: 5148369969235092943, guid: 59a61fcae45daf74db184d7adda32190,
        type: 3}
      propertyPath: m_LocalEulerAnglesHint.z
      value: 0
      objectReference: {fileID: 0}
    m_RemovedComponents: []
  m_SourcePrefab: {fileID: 100100000, guid: 59a61fcae45daf74db184d7adda32190, type: 3}
--- !u!4 &9078137484682180946 stripped
Transform:
  m_CorrespondingSourceObject: {fileID: 5148369969235092943, guid: 59a61fcae45daf74db184d7adda32190,
    type: 3}
  m_PrefabInstance: {fileID: 4219497659819908253}
  m_PrefabAsset: {fileID: 0}
