%YAML 1.1
%TAG !u! tag:unity3d.com,2011:
--- !u!65 &2631923947535270328
BoxCollider:
  m_ObjectHideFlags: 0
  m_CorrespondingSourceObject: {fileID: 0}
  m_PrefabInstance: {fileID: 0}
  m_PrefabAsset: {fileID: 0}
  m_GameObject: {fileID: 3684778739326202972}
  m_Material: {fileID: 0}
  m_IsTrigger: 0
  m_Enabled: 1
  serializedVersion: 2
  m_Size: {x: 1.6704051, y: 1.6704038, z: 1.6704051}
  m_Center: {x: 0, y: 0, z: -0.000000014901161}
--- !u!114 &1992365788
MonoBehaviour:
  m_ObjectHideFlags: 0
  m_CorrespondingSourceObject: {fileID: 0}
  m_PrefabInstance: {fileID: 0}
  m_PrefabAsset: {fileID: 0}
  m_GameObject: {fileID: 8916946990477122616}
  m_Enabled: 1
  m_EditorHideFlags: 0
  m_Script: {fileID: 11500000, guid: 2f04f763b443a8e4b8a071262e3ed7fb, type: 3}
  m_Name: 
  m_EditorClassIdentifier: 
  nonGhostCollider: {fileID: 0}
--- !u!1 &866295326695537928
GameObject:
  m_ObjectHideFlags: 0
  m_CorrespondingSourceObject: {fileID: 0}
  m_PrefabInstance: {fileID: 0}
  m_PrefabAsset: {fileID: 0}
  serializedVersion: 6
  m_Component:
  - component: {fileID: 3170780272402873591}
  m_Layer: 0
  m_Name: barriers
  m_TagString: Untagged
  m_Icon: {fileID: 0}
  m_NavMeshLayer: 0
  m_StaticEditorFlags: 0
  m_IsActive: 1
--- !u!4 &3170780272402873591
Transform:
  m_ObjectHideFlags: 0
  m_CorrespondingSourceObject: {fileID: 0}
  m_PrefabInstance: {fileID: 0}
  m_PrefabAsset: {fileID: 0}
  m_GameObject: {fileID: 866295326695537928}
  m_LocalRotation: {x: 0, y: 0, z: 0, w: 1}
  m_LocalPosition: {x: 0, y: 0, z: 0}
  m_LocalScale: {x: 1, y: 1, z: 1}
  m_Children:
  - {fileID: 1837512844014042097}
  - {fileID: 4121314629879681852}
  m_Father: {fileID: 2791510733273824090}
  m_RootOrder: 17
  m_LocalEulerAnglesHint: {x: 0, y: 0, z: 0}
--- !u!1 &1468055808017483652
GameObject:
  m_ObjectHideFlags: 0
  m_CorrespondingSourceObject: {fileID: 0}
  m_PrefabInstance: {fileID: 0}
  m_PrefabAsset: {fileID: 0}
  serializedVersion: 6
  m_Component:
  - component: {fileID: 1837512844014042097}
  - component: {fileID: 6466044791930066222}
  m_Layer: 0
  m_Name: Cube (3)
  m_TagString: Untagged
  m_Icon: {fileID: 0}
  m_NavMeshLayer: 0
  m_StaticEditorFlags: 0
  m_IsActive: 1
--- !u!4 &1837512844014042097
Transform:
  m_ObjectHideFlags: 0
  m_CorrespondingSourceObject: {fileID: 0}
  m_PrefabInstance: {fileID: 0}
  m_PrefabAsset: {fileID: 0}
  m_GameObject: {fileID: 1468055808017483652}
  m_LocalRotation: {x: -0, y: -0, z: -0, w: 1}
  m_LocalPosition: {x: -2, y: 7.300003, z: -20.299997}
  m_LocalScale: {x: 46.11111, y: 24.090832, z: 1.469695}
  m_Children: []
  m_Father: {fileID: 3170780272402873591}
  m_RootOrder: 0
  m_LocalEulerAnglesHint: {x: 0, y: 0, z: 0}
--- !u!65 &6466044791930066222
BoxCollider:
  m_ObjectHideFlags: 0
  m_CorrespondingSourceObject: {fileID: 0}
  m_PrefabInstance: {fileID: 0}
  m_PrefabAsset: {fileID: 0}
  m_GameObject: {fileID: 1468055808017483652}
  m_Material: {fileID: 0}
  m_IsTrigger: 0
  m_Enabled: 1
  serializedVersion: 2
  m_Size: {x: 1, y: 1, z: 1}
  m_Center: {x: 0, y: 0, z: 0}
--- !u!65 &4300795996773990980
BoxCollider:
  m_ObjectHideFlags: 0
  m_CorrespondingSourceObject: {fileID: 0}
  m_PrefabInstance: {fileID: 0}
  m_PrefabAsset: {fileID: 0}
  m_GameObject: {fileID: 3173895840766818208}
  m_Material: {fileID: 0}
  m_IsTrigger: 0
  m_Enabled: 1
  serializedVersion: 2
  m_Size: {x: 1.6704051, y: 1.6704038, z: 1.6704051}
  m_Center: {x: 0, y: 0, z: -0.000000014901161}
--- !u!1 &1901231075531161150
GameObject:
  m_ObjectHideFlags: 0
  m_CorrespondingSourceObject: {fileID: 0}
  m_PrefabInstance: {fileID: 0}
  m_PrefabAsset: {fileID: 0}
  serializedVersion: 6
  m_Component:
  - component: {fileID: 6717462739541160397}
  - component: {fileID: 5806718463558846863}
  - component: {fileID: 8596081130551191171}
  - component: {fileID: 8846632089711152933}
  m_Layer: 0
  m_Name: Plane
  m_TagString: Untagged
  m_Icon: {fileID: 0}
  m_NavMeshLayer: 0
  m_StaticEditorFlags: 0
  m_IsActive: 1
--- !u!4 &6717462739541160397
Transform:
  m_ObjectHideFlags: 0
  m_CorrespondingSourceObject: {fileID: 0}
  m_PrefabInstance: {fileID: 0}
  m_PrefabAsset: {fileID: 0}
  m_GameObject: {fileID: 1901231075531161150}
  m_LocalRotation: {x: 0, y: 0, z: 0, w: 1}
  m_LocalPosition: {x: 0.15, y: -0.32, z: -1.52}
  m_LocalScale: {x: 3.7955544, y: 0.9999999, z: 2.183102}
  m_Children: []
  m_Father: {fileID: 2791510732785752802}
  m_RootOrder: 1
  m_LocalEulerAnglesHint: {x: 0, y: 0, z: 0}
--- !u!33 &5806718463558846863
MeshFilter:
  m_ObjectHideFlags: 0
  m_CorrespondingSourceObject: {fileID: 0}
  m_PrefabInstance: {fileID: 0}
  m_PrefabAsset: {fileID: 0}
  m_GameObject: {fileID: 1901231075531161150}
  m_Mesh: {fileID: 10209, guid: 0000000000000000e000000000000000, type: 0}
--- !u!23 &8596081130551191171
MeshRenderer:
  m_ObjectHideFlags: 0
  m_CorrespondingSourceObject: {fileID: 0}
  m_PrefabInstance: {fileID: 0}
  m_PrefabAsset: {fileID: 0}
  m_GameObject: {fileID: 1901231075531161150}
  m_Enabled: 1
  m_CastShadows: 1
  m_ReceiveShadows: 1
  m_DynamicOccludee: 1
  m_MotionVectors: 1
  m_LightProbeUsage: 1
  m_ReflectionProbeUsage: 1
  m_RayTracingMode: 2
  m_RenderingLayerMask: 1
  m_RendererPriority: 0
  m_Materials:
  - {fileID: 2100000, guid: 73c176f402d2c2f4d929aa5da7585d17, type: 2}
  m_StaticBatchInfo:
    firstSubMesh: 0
    subMeshCount: 0
  m_StaticBatchRoot: {fileID: 0}
  m_ProbeAnchor: {fileID: 0}
  m_LightProbeVolumeOverride: {fileID: 0}
  m_ScaleInLightmap: 1
  m_ReceiveGI: 1
  m_PreserveUVs: 0
  m_IgnoreNormalsForChartDetection: 0
  m_ImportantGI: 0
  m_StitchLightmapSeams: 1
  m_SelectedEditorRenderState: 3
  m_MinimumChartSize: 4
  m_AutoUVMaxDistance: 0.5
  m_AutoUVMaxAngle: 89
  m_LightmapParameters: {fileID: 0}
  m_SortingLayerID: 0
  m_SortingLayer: 0
  m_SortingOrder: 0
--- !u!64 &8846632089711152933
MeshCollider:
  m_ObjectHideFlags: 0
  m_CorrespondingSourceObject: {fileID: 0}
  m_PrefabInstance: {fileID: 0}
  m_PrefabAsset: {fileID: 0}
  m_GameObject: {fileID: 1901231075531161150}
  m_Material: {fileID: 0}
  m_IsTrigger: 0
  m_Enabled: 1
  serializedVersion: 4
  m_Convex: 0
  m_CookingOptions: 30
  m_Mesh: {fileID: 10209, guid: 0000000000000000e000000000000000, type: 0}
--- !u!114 &1745141152
MonoBehaviour:
  m_ObjectHideFlags: 0
  m_CorrespondingSourceObject: {fileID: 0}
  m_PrefabInstance: {fileID: 0}
  m_PrefabAsset: {fileID: 0}
  m_GameObject: {fileID: 5289664077579792441}
  m_Enabled: 1
  m_EditorHideFlags: 0
  m_Script: {fileID: 11500000, guid: 2f04f763b443a8e4b8a071262e3ed7fb, type: 3}
  m_Name: 
  m_EditorClassIdentifier: 
  nonGhostCollider: {fileID: 0}
--- !u!114 &523457056
MonoBehaviour:
  m_ObjectHideFlags: 0
  m_CorrespondingSourceObject: {fileID: 0}
  m_PrefabInstance: {fileID: 0}
  m_PrefabAsset: {fileID: 0}
  m_GameObject: {fileID: 5834085668012521193}
  m_Enabled: 1
  m_EditorHideFlags: 0
  m_Script: {fileID: 11500000, guid: 2f04f763b443a8e4b8a071262e3ed7fb, type: 3}
  m_Name: 
  m_EditorClassIdentifier: 
  nonGhostCollider: {fileID: 0}
--- !u!65 &7949645723807047816
BoxCollider:
  m_ObjectHideFlags: 0
  m_CorrespondingSourceObject: {fileID: 0}
  m_PrefabInstance: {fileID: 0}
  m_PrefabAsset: {fileID: 0}
  m_GameObject: {fileID: 8788316133119022444}
  m_Material: {fileID: 0}
  m_IsTrigger: 0
  m_Enabled: 1
  serializedVersion: 2
  m_Size: {x: 1.6704051, y: 1.6704038, z: 1.6704051}
  m_Center: {x: 0, y: 0, z: -0.000000014901161}
--- !u!1 &6095891733705375597
GameObject:
  m_ObjectHideFlags: 0
  m_CorrespondingSourceObject: {fileID: 0}
  m_PrefabInstance: {fileID: 0}
  m_PrefabAsset: {fileID: 0}
  serializedVersion: 6
  m_Component:
  - component: {fileID: 4121314629879681852}
  - component: {fileID: 7654826506606278363}
  m_Layer: 0
  m_Name: Cube (4)
  m_TagString: Untagged
  m_Icon: {fileID: 0}
  m_NavMeshLayer: 0
  m_StaticEditorFlags: 0
  m_IsActive: 1
--- !u!4 &4121314629879681852
Transform:
  m_ObjectHideFlags: 0
  m_CorrespondingSourceObject: {fileID: 0}
  m_PrefabInstance: {fileID: 0}
  m_PrefabAsset: {fileID: 0}
  m_GameObject: {fileID: 6095891733705375597}
  m_LocalRotation: {x: -0, y: 0.7071068, z: -0, w: 0.70710677}
  m_LocalPosition: {x: -25.300003, y: 7, z: -1.499999}
  m_LocalScale: {x: 37.467495, y: 24.090832, z: 1.0993942}
  m_Children: []
  m_Father: {fileID: 3170780272402873591}
  m_RootOrder: 1
  m_LocalEulerAnglesHint: {x: 0, y: 90, z: 0}
--- !u!65 &7654826506606278363
BoxCollider:
  m_ObjectHideFlags: 0
  m_CorrespondingSourceObject: {fileID: 0}
  m_PrefabInstance: {fileID: 0}
  m_PrefabAsset: {fileID: 0}
  m_GameObject: {fileID: 6095891733705375597}
  m_Material: {fileID: 0}
  m_IsTrigger: 0
  m_Enabled: 1
  serializedVersion: 2
  m_Size: {x: 1, y: 1, z: 1}
  m_Center: {x: 0, y: 0, z: 0}
--- !u!114 &59518981089699864
MonoBehaviour:
  m_ObjectHideFlags: 0
  m_CorrespondingSourceObject: {fileID: 0}
  m_PrefabInstance: {fileID: 0}
  m_PrefabAsset: {fileID: 0}
  m_GameObject: {fileID: 5324134128458358124}
  m_Enabled: 1
  m_EditorHideFlags: 0
  m_Script: {fileID: 11500000, guid: 2f04f763b443a8e4b8a071262e3ed7fb, type: 3}
  m_Name: 
  m_EditorClassIdentifier: 
  nonGhostCollider: {fileID: 0}
--- !u!1001 &525143431367379231
PrefabInstance:
  m_ObjectHideFlags: 0
  serializedVersion: 2
  m_Modification:
    m_TransformParent: {fileID: 1047808434244478019}
    m_Modifications:
    - target: {fileID: 246778634189348078, guid: fc296026d9198334b976bcd3f27cb708,
        type: 3}
      propertyPath: m_Materials.Array.data[0]
      value: 
      objectReference: {fileID: 2100000, guid: 3791b774d5d2f4341a07b807d490a185, type: 2}
    - target: {fileID: 901453282920751464, guid: fc296026d9198334b976bcd3f27cb708,
        type: 3}
      propertyPath: m_LocalPosition.x
      value: -0.022
      objectReference: {fileID: 0}
    - target: {fileID: 901453282920751464, guid: fc296026d9198334b976bcd3f27cb708,
        type: 3}
      propertyPath: m_LocalPosition.y
      value: -0.07951379
      objectReference: {fileID: 0}
    - target: {fileID: 901453282920751464, guid: fc296026d9198334b976bcd3f27cb708,
        type: 3}
      propertyPath: m_LocalPosition.z
      value: -0.05
      objectReference: {fileID: 0}
    - target: {fileID: 901453282920751464, guid: fc296026d9198334b976bcd3f27cb708,
        type: 3}
      propertyPath: m_LocalRotation.x
      value: -0
      objectReference: {fileID: 0}
    - target: {fileID: 901453282920751464, guid: fc296026d9198334b976bcd3f27cb708,
        type: 3}
      propertyPath: m_LocalRotation.y
      value: -0.7071068
      objectReference: {fileID: 0}
    - target: {fileID: 901453282920751464, guid: fc296026d9198334b976bcd3f27cb708,
        type: 3}
      propertyPath: m_LocalRotation.z
      value: -0
      objectReference: {fileID: 0}
    - target: {fileID: 901453282920751464, guid: fc296026d9198334b976bcd3f27cb708,
        type: 3}
      propertyPath: m_LocalRotation.w
      value: 0.7071068
      objectReference: {fileID: 0}
    - target: {fileID: 901453282920751464, guid: fc296026d9198334b976bcd3f27cb708,
        type: 3}
      propertyPath: m_RootOrder
      value: 2
      objectReference: {fileID: 0}
    - target: {fileID: 901453282920751464, guid: fc296026d9198334b976bcd3f27cb708,
        type: 3}
      propertyPath: m_LocalEulerAnglesHint.x
      value: 0
      objectReference: {fileID: 0}
    - target: {fileID: 901453282920751464, guid: fc296026d9198334b976bcd3f27cb708,
        type: 3}
      propertyPath: m_LocalEulerAnglesHint.y
      value: 0
      objectReference: {fileID: 0}
    - target: {fileID: 901453282920751464, guid: fc296026d9198334b976bcd3f27cb708,
        type: 3}
      propertyPath: m_LocalEulerAnglesHint.z
      value: 0
      objectReference: {fileID: 0}
    - target: {fileID: 901453282920751464, guid: fc296026d9198334b976bcd3f27cb708,
        type: 3}
      propertyPath: m_LocalScale.x
      value: 0.525
      objectReference: {fileID: 0}
    - target: {fileID: 901453282920751464, guid: fc296026d9198334b976bcd3f27cb708,
        type: 3}
      propertyPath: m_LocalScale.y
      value: 0.525
      objectReference: {fileID: 0}
    - target: {fileID: 901453282920751464, guid: fc296026d9198334b976bcd3f27cb708,
        type: 3}
      propertyPath: m_LocalScale.z
      value: 0.525
      objectReference: {fileID: 0}
    - target: {fileID: 3777211216409886019, guid: fc296026d9198334b976bcd3f27cb708,
        type: 3}
      propertyPath: m_Name
      value: Spooky_Crate20
      objectReference: {fileID: 0}
    m_RemovedComponents: []
  m_SourcePrefab: {fileID: 100100000, guid: fc296026d9198334b976bcd3f27cb708, type: 3}
--- !u!1 &3684778739326202972 stripped
GameObject:
  m_CorrespondingSourceObject: {fileID: 3777211216409886019, guid: fc296026d9198334b976bcd3f27cb708,
    type: 3}
  m_PrefabInstance: {fileID: 525143431367379231}
  m_PrefabAsset: {fileID: 0}
--- !u!1001 &827901989644749785
PrefabInstance:
  m_ObjectHideFlags: 0
  serializedVersion: 2
  m_Modification:
    m_TransformParent: {fileID: 2791510733273824090}
    m_Modifications:
    - target: {fileID: 3290399144465645871, guid: 11a55621aa5e51841ac65cbf1f7116b2,
        type: 3}
      propertyPath: m_IsActive
      value: 0
      objectReference: {fileID: 0}
    - target: {fileID: 3368224451528508747, guid: 11a55621aa5e51841ac65cbf1f7116b2,
        type: 3}
      propertyPath: m_LocalScale.x
      value: 4
      objectReference: {fileID: 0}
    - target: {fileID: 3368224451528508747, guid: 11a55621aa5e51841ac65cbf1f7116b2,
        type: 3}
      propertyPath: m_LocalScale.y
      value: 4
      objectReference: {fileID: 0}
    - target: {fileID: 3368224451528508747, guid: 11a55621aa5e51841ac65cbf1f7116b2,
        type: 3}
      propertyPath: m_LocalScale.z
      value: 4
      objectReference: {fileID: 0}
    - target: {fileID: 3368224451528508750, guid: 11a55621aa5e51841ac65cbf1f7116b2,
        type: 3}
      propertyPath: m_Size.z
      value: 0.8583133
      objectReference: {fileID: 0}
    - target: {fileID: 3368224451528508750, guid: 11a55621aa5e51841ac65cbf1f7116b2,
        type: 3}
      propertyPath: m_Center.x
      value: -0.0601498
      objectReference: {fileID: 0}
    - target: {fileID: 3368224451528508750, guid: 11a55621aa5e51841ac65cbf1f7116b2,
        type: 3}
      propertyPath: m_Center.z
      value: -0.07084334
      objectReference: {fileID: 0}
    - target: {fileID: 3368224451528508750, guid: 11a55621aa5e51841ac65cbf1f7116b2,
        type: 3}
      propertyPath: m_Size.x
      value: 0.8797004
      objectReference: {fileID: 0}
    - target: {fileID: 3368224451528508750, guid: 11a55621aa5e51841ac65cbf1f7116b2,
        type: 3}
      propertyPath: m_Size.y
      value: 0.87350464
      objectReference: {fileID: 0}
    - target: {fileID: 3368224451528508750, guid: 11a55621aa5e51841ac65cbf1f7116b2,
        type: 3}
      propertyPath: m_Center.y
      value: -0.06324768
      objectReference: {fileID: 0}
    - target: {fileID: 5841485305254227663, guid: 11a55621aa5e51841ac65cbf1f7116b2,
        type: 3}
      propertyPath: m_LocalPosition.x
      value: -15.92
      objectReference: {fileID: 0}
    - target: {fileID: 5841485305254227663, guid: 11a55621aa5e51841ac65cbf1f7116b2,
        type: 3}
      propertyPath: m_LocalPosition.y
      value: -5.34
      objectReference: {fileID: 0}
    - target: {fileID: 5841485305254227663, guid: 11a55621aa5e51841ac65cbf1f7116b2,
        type: 3}
      propertyPath: m_LocalPosition.z
      value: -13.87
      objectReference: {fileID: 0}
    - target: {fileID: 5841485305254227663, guid: 11a55621aa5e51841ac65cbf1f7116b2,
        type: 3}
      propertyPath: m_LocalRotation.x
      value: -0
      objectReference: {fileID: 0}
    - target: {fileID: 5841485305254227663, guid: 11a55621aa5e51841ac65cbf1f7116b2,
        type: 3}
      propertyPath: m_LocalRotation.y
      value: 0.38268343
      objectReference: {fileID: 0}
    - target: {fileID: 5841485305254227663, guid: 11a55621aa5e51841ac65cbf1f7116b2,
        type: 3}
      propertyPath: m_LocalRotation.z
      value: -0
      objectReference: {fileID: 0}
    - target: {fileID: 5841485305254227663, guid: 11a55621aa5e51841ac65cbf1f7116b2,
        type: 3}
      propertyPath: m_LocalRotation.w
      value: 0.92387956
      objectReference: {fileID: 0}
    - target: {fileID: 5841485305254227663, guid: 11a55621aa5e51841ac65cbf1f7116b2,
        type: 3}
      propertyPath: m_RootOrder
      value: 14
      objectReference: {fileID: 0}
    - target: {fileID: 5841485305254227663, guid: 11a55621aa5e51841ac65cbf1f7116b2,
        type: 3}
      propertyPath: m_LocalEulerAnglesHint.x
      value: 0
      objectReference: {fileID: 0}
    - target: {fileID: 5841485305254227663, guid: 11a55621aa5e51841ac65cbf1f7116b2,
        type: 3}
      propertyPath: m_LocalEulerAnglesHint.y
      value: 0
      objectReference: {fileID: 0}
    - target: {fileID: 5841485305254227663, guid: 11a55621aa5e51841ac65cbf1f7116b2,
        type: 3}
      propertyPath: m_LocalEulerAnglesHint.z
      value: 0
      objectReference: {fileID: 0}
    - target: {fileID: 8125074759978178529, guid: 11a55621aa5e51841ac65cbf1f7116b2,
        type: 3}
      propertyPath: m_Name
      value: red push block
      objectReference: {fileID: 0}
    - target: {fileID: 8125074759978178529, guid: 11a55621aa5e51841ac65cbf1f7116b2,
        type: 3}
      propertyPath: m_IsActive
      value: 1
      objectReference: {fileID: 0}
    m_RemovedComponents: []
  m_SourcePrefab: {fileID: 100100000, guid: 11a55621aa5e51841ac65cbf1f7116b2, type: 3}
--- !u!1 &8916946990477122616 stripped
GameObject:
  m_CorrespondingSourceObject: {fileID: 8125074759978178529, guid: 11a55621aa5e51841ac65cbf1f7116b2,
    type: 3}
  m_PrefabInstance: {fileID: 827901989644749785}
  m_PrefabAsset: {fileID: 0}
--- !u!4 &2721047402528706194 stripped
Transform:
  m_CorrespondingSourceObject: {fileID: 3368224451528508747, guid: 11a55621aa5e51841ac65cbf1f7116b2,
    type: 3}
  m_PrefabInstance: {fileID: 827901989644749785}
  m_PrefabAsset: {fileID: 0}
--- !u!1001 &1750730276111323603
PrefabInstance:
  m_ObjectHideFlags: 0
  serializedVersion: 2
  m_Modification:
    m_TransformParent: {fileID: 1702178076253933510}
    m_Modifications:
    - target: {fileID: 7315711296952801303, guid: f65de51104d3378428d757665c545b7a,
        type: 3}
      propertyPath: m_Materials.Array.data[0]
      value: 
      objectReference: {fileID: 2100000, guid: 3791b774d5d2f4341a07b807d490a185, type: 2}
    - target: {fileID: 8900490482649353913, guid: f65de51104d3378428d757665c545b7a,
        type: 3}
      propertyPath: m_LocalPosition.x
      value: 0.07
      objectReference: {fileID: 0}
    - target: {fileID: 8900490482649353913, guid: f65de51104d3378428d757665c545b7a,
        type: 3}
      propertyPath: m_LocalPosition.y
      value: -0.07951379
      objectReference: {fileID: 0}
    - target: {fileID: 8900490482649353913, guid: f65de51104d3378428d757665c545b7a,
        type: 3}
      propertyPath: m_LocalPosition.z
      value: -0.23
      objectReference: {fileID: 0}
    - target: {fileID: 8900490482649353913, guid: f65de51104d3378428d757665c545b7a,
        type: 3}
      propertyPath: m_LocalRotation.x
      value: -0
      objectReference: {fileID: 0}
    - target: {fileID: 8900490482649353913, guid: f65de51104d3378428d757665c545b7a,
        type: 3}
      propertyPath: m_LocalRotation.y
      value: -0.7071068
      objectReference: {fileID: 0}
    - target: {fileID: 8900490482649353913, guid: f65de51104d3378428d757665c545b7a,
        type: 3}
      propertyPath: m_LocalRotation.z
      value: -0
      objectReference: {fileID: 0}
    - target: {fileID: 8900490482649353913, guid: f65de51104d3378428d757665c545b7a,
        type: 3}
      propertyPath: m_LocalRotation.w
      value: 0.7071068
      objectReference: {fileID: 0}
    - target: {fileID: 8900490482649353913, guid: f65de51104d3378428d757665c545b7a,
        type: 3}
      propertyPath: m_RootOrder
      value: 2
      objectReference: {fileID: 0}
    - target: {fileID: 8900490482649353913, guid: f65de51104d3378428d757665c545b7a,
        type: 3}
      propertyPath: m_LocalEulerAnglesHint.x
      value: 0
      objectReference: {fileID: 0}
    - target: {fileID: 8900490482649353913, guid: f65de51104d3378428d757665c545b7a,
        type: 3}
      propertyPath: m_LocalEulerAnglesHint.y
      value: 0
      objectReference: {fileID: 0}
    - target: {fileID: 8900490482649353913, guid: f65de51104d3378428d757665c545b7a,
        type: 3}
      propertyPath: m_LocalEulerAnglesHint.z
      value: 0
      objectReference: {fileID: 0}
    - target: {fileID: 8900490482649353913, guid: f65de51104d3378428d757665c545b7a,
        type: 3}
      propertyPath: m_LocalScale.x
      value: 0.7499999
      objectReference: {fileID: 0}
    - target: {fileID: 8900490482649353913, guid: f65de51104d3378428d757665c545b7a,
        type: 3}
      propertyPath: m_LocalScale.y
      value: 0.75
      objectReference: {fileID: 0}
    - target: {fileID: 8900490482649353913, guid: f65de51104d3378428d757665c545b7a,
        type: 3}
      propertyPath: m_LocalScale.z
      value: 0.7499999
      objectReference: {fileID: 0}
    - target: {fileID: 8900490482649353917, guid: f65de51104d3378428d757665c545b7a,
        type: 3}
      propertyPath: m_Name
      value: test_push block wood (1)
      objectReference: {fileID: 0}
    m_RemovedComponents: []
  m_SourcePrefab: {fileID: 100100000, guid: f65de51104d3378428d757665c545b7a, type: 3}
--- !u!1001 &1756589559485139683
PrefabInstance:
  m_ObjectHideFlags: 0
  serializedVersion: 2
  m_Modification:
    m_TransformParent: {fileID: 2721047402528706194}
    m_Modifications:
    - target: {fileID: 246778634189348078, guid: fc296026d9198334b976bcd3f27cb708,
        type: 3}
      propertyPath: m_Materials.Array.data[0]
      value: 
      objectReference: {fileID: 2100000, guid: afff8da31721c494b9d543c3086e3f4e, type: 2}
    - target: {fileID: 901453282920751464, guid: fc296026d9198334b976bcd3f27cb708,
        type: 3}
      propertyPath: m_LocalPosition.x
      value: -0.088
      objectReference: {fileID: 0}
    - target: {fileID: 901453282920751464, guid: fc296026d9198334b976bcd3f27cb708,
        type: 3}
      propertyPath: m_LocalPosition.y
      value: -0.07951379
      objectReference: {fileID: 0}
    - target: {fileID: 901453282920751464, guid: fc296026d9198334b976bcd3f27cb708,
        type: 3}
      propertyPath: m_LocalPosition.z
      value: -0.086
      objectReference: {fileID: 0}
    - target: {fileID: 901453282920751464, guid: fc296026d9198334b976bcd3f27cb708,
        type: 3}
      propertyPath: m_LocalRotation.x
      value: -0
      objectReference: {fileID: 0}
    - target: {fileID: 901453282920751464, guid: fc296026d9198334b976bcd3f27cb708,
        type: 3}
      propertyPath: m_LocalRotation.y
      value: -0.7071068
      objectReference: {fileID: 0}
    - target: {fileID: 901453282920751464, guid: fc296026d9198334b976bcd3f27cb708,
        type: 3}
      propertyPath: m_LocalRotation.z
      value: -0
      objectReference: {fileID: 0}
    - target: {fileID: 901453282920751464, guid: fc296026d9198334b976bcd3f27cb708,
        type: 3}
      propertyPath: m_LocalRotation.w
      value: 0.7071068
      objectReference: {fileID: 0}
    - target: {fileID: 901453282920751464, guid: fc296026d9198334b976bcd3f27cb708,
        type: 3}
      propertyPath: m_RootOrder
      value: 2
      objectReference: {fileID: 0}
    - target: {fileID: 901453282920751464, guid: fc296026d9198334b976bcd3f27cb708,
        type: 3}
      propertyPath: m_LocalEulerAnglesHint.x
      value: 0
      objectReference: {fileID: 0}
    - target: {fileID: 901453282920751464, guid: fc296026d9198334b976bcd3f27cb708,
        type: 3}
      propertyPath: m_LocalEulerAnglesHint.y
      value: 0
      objectReference: {fileID: 0}
    - target: {fileID: 901453282920751464, guid: fc296026d9198334b976bcd3f27cb708,
        type: 3}
      propertyPath: m_LocalEulerAnglesHint.z
      value: 0
      objectReference: {fileID: 0}
    - target: {fileID: 901453282920751464, guid: fc296026d9198334b976bcd3f27cb708,
        type: 3}
      propertyPath: m_LocalScale.x
      value: 0.525
      objectReference: {fileID: 0}
    - target: {fileID: 901453282920751464, guid: fc296026d9198334b976bcd3f27cb708,
        type: 3}
      propertyPath: m_LocalScale.y
      value: 0.525
      objectReference: {fileID: 0}
    - target: {fileID: 901453282920751464, guid: fc296026d9198334b976bcd3f27cb708,
        type: 3}
      propertyPath: m_LocalScale.z
      value: 0.525
      objectReference: {fileID: 0}
    - target: {fileID: 3777211216409886019, guid: fc296026d9198334b976bcd3f27cb708,
        type: 3}
      propertyPath: m_Name
      value: Spooky_Crate20
      objectReference: {fileID: 0}
    m_RemovedComponents: []
  m_SourcePrefab: {fileID: 100100000, guid: fc296026d9198334b976bcd3f27cb708, type: 3}
--- !u!1 &3173895840766818208 stripped
GameObject:
  m_CorrespondingSourceObject: {fileID: 3777211216409886019, guid: fc296026d9198334b976bcd3f27cb708,
    type: 3}
  m_PrefabInstance: {fileID: 1756589559485139683}
  m_PrefabAsset: {fileID: 0}
--- !u!1001 &4155337024388491224
PrefabInstance:
  m_ObjectHideFlags: 0
  serializedVersion: 2
  m_Modification:
    m_TransformParent: {fileID: 2791510733273824090}
    m_Modifications:
    - target: {fileID: 3290399144465645871, guid: 11a55621aa5e51841ac65cbf1f7116b2,
        type: 3}
      propertyPath: m_IsActive
      value: 0
      objectReference: {fileID: 0}
    - target: {fileID: 3368224451528508747, guid: 11a55621aa5e51841ac65cbf1f7116b2,
        type: 3}
      propertyPath: m_LocalScale.x
      value: 4
      objectReference: {fileID: 0}
    - target: {fileID: 3368224451528508747, guid: 11a55621aa5e51841ac65cbf1f7116b2,
        type: 3}
      propertyPath: m_LocalScale.y
      value: 4
      objectReference: {fileID: 0}
    - target: {fileID: 3368224451528508747, guid: 11a55621aa5e51841ac65cbf1f7116b2,
        type: 3}
      propertyPath: m_LocalScale.z
      value: 4
      objectReference: {fileID: 0}
    - target: {fileID: 3368224451528508750, guid: 11a55621aa5e51841ac65cbf1f7116b2,
        type: 3}
      propertyPath: m_Size.x
      value: 0.852471
      objectReference: {fileID: 0}
    - target: {fileID: 3368224451528508750, guid: 11a55621aa5e51841ac65cbf1f7116b2,
        type: 3}
      propertyPath: m_Center.x
      value: 0.0737645
      objectReference: {fileID: 0}
    - target: {fileID: 3368224451528508750, guid: 11a55621aa5e51841ac65cbf1f7116b2,
        type: 3}
      propertyPath: m_Center.z
      value: 0.012301084
      objectReference: {fileID: 0}
    - target: {fileID: 3368224451528508750, guid: 11a55621aa5e51841ac65cbf1f7116b2,
        type: 3}
      propertyPath: m_Size.z
      value: 0.8528774
      objectReference: {fileID: 0}
    - target: {fileID: 3368224451528508750, guid: 11a55621aa5e51841ac65cbf1f7116b2,
        type: 3}
      propertyPath: m_Size.y
      value: 0.87000656
      objectReference: {fileID: 0}
    - target: {fileID: 3368224451528508750, guid: 11a55621aa5e51841ac65cbf1f7116b2,
        type: 3}
      propertyPath: m_Center.y
      value: -0.06499672
      objectReference: {fileID: 0}
    - target: {fileID: 5841485305254227663, guid: 11a55621aa5e51841ac65cbf1f7116b2,
        type: 3}
      propertyPath: m_LocalPosition.x
      value: 11.17
      objectReference: {fileID: 0}
    - target: {fileID: 5841485305254227663, guid: 11a55621aa5e51841ac65cbf1f7116b2,
        type: 3}
      propertyPath: m_LocalPosition.y
      value: -5.34
      objectReference: {fileID: 0}
    - target: {fileID: 5841485305254227663, guid: 11a55621aa5e51841ac65cbf1f7116b2,
        type: 3}
      propertyPath: m_LocalPosition.z
      value: -13.62
      objectReference: {fileID: 0}
    - target: {fileID: 5841485305254227663, guid: 11a55621aa5e51841ac65cbf1f7116b2,
        type: 3}
      propertyPath: m_LocalRotation.x
      value: -0
      objectReference: {fileID: 0}
    - target: {fileID: 5841485305254227663, guid: 11a55621aa5e51841ac65cbf1f7116b2,
        type: 3}
      propertyPath: m_LocalRotation.y
      value: 0.38268343
      objectReference: {fileID: 0}
    - target: {fileID: 5841485305254227663, guid: 11a55621aa5e51841ac65cbf1f7116b2,
        type: 3}
      propertyPath: m_LocalRotation.z
      value: -0
      objectReference: {fileID: 0}
    - target: {fileID: 5841485305254227663, guid: 11a55621aa5e51841ac65cbf1f7116b2,
        type: 3}
      propertyPath: m_LocalRotation.w
      value: 0.92387956
      objectReference: {fileID: 0}
    - target: {fileID: 5841485305254227663, guid: 11a55621aa5e51841ac65cbf1f7116b2,
        type: 3}
      propertyPath: m_RootOrder
      value: 16
      objectReference: {fileID: 0}
    - target: {fileID: 5841485305254227663, guid: 11a55621aa5e51841ac65cbf1f7116b2,
        type: 3}
      propertyPath: m_LocalEulerAnglesHint.x
      value: 0
      objectReference: {fileID: 0}
    - target: {fileID: 5841485305254227663, guid: 11a55621aa5e51841ac65cbf1f7116b2,
        type: 3}
      propertyPath: m_LocalEulerAnglesHint.y
      value: 0
      objectReference: {fileID: 0}
    - target: {fileID: 5841485305254227663, guid: 11a55621aa5e51841ac65cbf1f7116b2,
        type: 3}
      propertyPath: m_LocalEulerAnglesHint.z
      value: 0
      objectReference: {fileID: 0}
    - target: {fileID: 8125074759978178529, guid: 11a55621aa5e51841ac65cbf1f7116b2,
        type: 3}
      propertyPath: m_Name
      value: red push block (1)
      objectReference: {fileID: 0}
    - target: {fileID: 8125074759978178529, guid: 11a55621aa5e51841ac65cbf1f7116b2,
        type: 3}
      propertyPath: m_IsActive
      value: 1
      objectReference: {fileID: 0}
    m_RemovedComponents: []
  m_SourcePrefab: {fileID: 100100000, guid: 11a55621aa5e51841ac65cbf1f7116b2, type: 3}
--- !u!4 &1663217267700146835 stripped
Transform:
  m_CorrespondingSourceObject: {fileID: 3368224451528508747, guid: 11a55621aa5e51841ac65cbf1f7116b2,
    type: 3}
  m_PrefabInstance: {fileID: 4155337024388491224}
  m_PrefabAsset: {fileID: 0}
--- !u!1 &5289664077579792441 stripped
GameObject:
  m_CorrespondingSourceObject: {fileID: 8125074759978178529, guid: 11a55621aa5e51841ac65cbf1f7116b2,
    type: 3}
  m_PrefabInstance: {fileID: 4155337024388491224}
  m_PrefabAsset: {fileID: 0}
--- !u!1001 &4806515879176620123
PrefabInstance:
  m_ObjectHideFlags: 0
  serializedVersion: 2
  m_Modification:
    m_TransformParent: {fileID: 2791510733273824090}
    m_Modifications:
    - target: {fileID: 1315889712926146226, guid: 333c4414d5cc28a4ba93745727dca48e,
        type: 3}
      propertyPath: m_Name
      value: blue push block
      objectReference: {fileID: 0}
    - target: {fileID: 1315889712926146226, guid: 333c4414d5cc28a4ba93745727dca48e,
        type: 3}
      propertyPath: m_IsActive
      value: 1
      objectReference: {fileID: 0}
    - target: {fileID: 3716020708080863132, guid: 333c4414d5cc28a4ba93745727dca48e,
        type: 3}
      propertyPath: m_LocalPosition.x
      value: -15.76
      objectReference: {fileID: 0}
    - target: {fileID: 3716020708080863132, guid: 333c4414d5cc28a4ba93745727dca48e,
        type: 3}
      propertyPath: m_LocalPosition.y
      value: -5
      objectReference: {fileID: 0}
    - target: {fileID: 3716020708080863132, guid: 333c4414d5cc28a4ba93745727dca48e,
        type: 3}
      propertyPath: m_LocalPosition.z
      value: 12.33
      objectReference: {fileID: 0}
    - target: {fileID: 3716020708080863132, guid: 333c4414d5cc28a4ba93745727dca48e,
        type: 3}
      propertyPath: m_LocalRotation.x
      value: -0
      objectReference: {fileID: 0}
    - target: {fileID: 3716020708080863132, guid: 333c4414d5cc28a4ba93745727dca48e,
        type: 3}
      propertyPath: m_LocalRotation.y
      value: 0.38268343
      objectReference: {fileID: 0}
    - target: {fileID: 3716020708080863132, guid: 333c4414d5cc28a4ba93745727dca48e,
        type: 3}
      propertyPath: m_LocalRotation.z
      value: -0
      objectReference: {fileID: 0}
    - target: {fileID: 3716020708080863132, guid: 333c4414d5cc28a4ba93745727dca48e,
        type: 3}
      propertyPath: m_LocalRotation.w
      value: 0.92387956
      objectReference: {fileID: 0}
    - target: {fileID: 3716020708080863132, guid: 333c4414d5cc28a4ba93745727dca48e,
        type: 3}
      propertyPath: m_RootOrder
      value: 11
      objectReference: {fileID: 0}
    - target: {fileID: 3716020708080863132, guid: 333c4414d5cc28a4ba93745727dca48e,
        type: 3}
      propertyPath: m_LocalEulerAnglesHint.x
      value: 0
      objectReference: {fileID: 0}
    - target: {fileID: 3716020708080863132, guid: 333c4414d5cc28a4ba93745727dca48e,
        type: 3}
      propertyPath: m_LocalEulerAnglesHint.y
      value: 0
      objectReference: {fileID: 0}
    - target: {fileID: 3716020708080863132, guid: 333c4414d5cc28a4ba93745727dca48e,
        type: 3}
      propertyPath: m_LocalEulerAnglesHint.z
      value: 0
      objectReference: {fileID: 0}
    - target: {fileID: 5494035861069900824, guid: 333c4414d5cc28a4ba93745727dca48e,
        type: 3}
      propertyPath: m_LocalScale.x
      value: 4
      objectReference: {fileID: 0}
    - target: {fileID: 5494035861069900824, guid: 333c4414d5cc28a4ba93745727dca48e,
        type: 3}
      propertyPath: m_LocalScale.y
      value: 4
      objectReference: {fileID: 0}
    - target: {fileID: 5494035861069900824, guid: 333c4414d5cc28a4ba93745727dca48e,
        type: 3}
      propertyPath: m_LocalScale.z
      value: 4
      objectReference: {fileID: 0}
    - target: {fileID: 5494035861069900829, guid: 333c4414d5cc28a4ba93745727dca48e,
        type: 3}
      propertyPath: m_Size.x
      value: 0.89875084
      objectReference: {fileID: 0}
    - target: {fileID: 5494035861069900829, guid: 333c4414d5cc28a4ba93745727dca48e,
        type: 3}
      propertyPath: m_Center.x
      value: -0.020878587
      objectReference: {fileID: 0}
    - target: {fileID: 5494035861069900829, guid: 333c4414d5cc28a4ba93745727dca48e,
        type: 3}
      propertyPath: m_Center.z
      value: -0.046834648
      objectReference: {fileID: 0}
    - target: {fileID: 5494035861069900829, guid: 333c4414d5cc28a4ba93745727dca48e,
        type: 3}
      propertyPath: m_Size.z
      value: 0.9063307
      objectReference: {fileID: 0}
    - target: {fileID: 5494035861069900829, guid: 333c4414d5cc28a4ba93745727dca48e,
        type: 3}
      propertyPath: m_Size.y
      value: 0.8822918
      objectReference: {fileID: 0}
    - target: {fileID: 5494035861069900829, guid: 333c4414d5cc28a4ba93745727dca48e,
        type: 3}
      propertyPath: m_Center.y
      value: -0.058854103
      objectReference: {fileID: 0}
    - target: {fileID: 5704145775377754236, guid: 333c4414d5cc28a4ba93745727dca48e,
        type: 3}
      propertyPath: m_IsActive
      value: 0
      objectReference: {fileID: 0}
    m_RemovedComponents: []
  m_SourcePrefab: {fileID: 100100000, guid: 333c4414d5cc28a4ba93745727dca48e, type: 3}
--- !u!4 &1047808434244478019 stripped
Transform:
  m_CorrespondingSourceObject: {fileID: 5494035861069900824, guid: 333c4414d5cc28a4ba93745727dca48e,
    type: 3}
  m_PrefabInstance: {fileID: 4806515879176620123}
  m_PrefabAsset: {fileID: 0}
--- !u!1 &5834085668012521193 stripped
GameObject:
  m_CorrespondingSourceObject: {fileID: 1315889712926146226, guid: 333c4414d5cc28a4ba93745727dca48e,
    type: 3}
  m_PrefabInstance: {fileID: 4806515879176620123}
  m_PrefabAsset: {fileID: 0}
--- !u!1001 &5592634435454347311
PrefabInstance:
  m_ObjectHideFlags: 0
  serializedVersion: 2
  m_Modification:
    m_TransformParent: {fileID: 1663217267700146835}
    m_Modifications:
    - target: {fileID: 246778634189348078, guid: fc296026d9198334b976bcd3f27cb708,
        type: 3}
      propertyPath: m_Materials.Array.data[0]
      value: 
      objectReference: {fileID: 2100000, guid: afff8da31721c494b9d543c3086e3f4e, type: 2}
    - target: {fileID: 901453282920751464, guid: fc296026d9198334b976bcd3f27cb708,
        type: 3}
      propertyPath: m_LocalPosition.x
      value: 0.054
      objectReference: {fileID: 0}
    - target: {fileID: 901453282920751464, guid: fc296026d9198334b976bcd3f27cb708,
        type: 3}
      propertyPath: m_LocalPosition.y
      value: -0.07951379
      objectReference: {fileID: 0}
    - target: {fileID: 901453282920751464, guid: fc296026d9198334b976bcd3f27cb708,
        type: 3}
      propertyPath: m_LocalPosition.z
      value: 0.012
      objectReference: {fileID: 0}
    - target: {fileID: 901453282920751464, guid: fc296026d9198334b976bcd3f27cb708,
        type: 3}
      propertyPath: m_LocalRotation.x
      value: -0
      objectReference: {fileID: 0}
    - target: {fileID: 901453282920751464, guid: fc296026d9198334b976bcd3f27cb708,
        type: 3}
      propertyPath: m_LocalRotation.y
      value: -0.7071068
      objectReference: {fileID: 0}
    - target: {fileID: 901453282920751464, guid: fc296026d9198334b976bcd3f27cb708,
        type: 3}
      propertyPath: m_LocalRotation.z
      value: -0
      objectReference: {fileID: 0}
    - target: {fileID: 901453282920751464, guid: fc296026d9198334b976bcd3f27cb708,
        type: 3}
      propertyPath: m_LocalRotation.w
      value: 0.7071068
      objectReference: {fileID: 0}
    - target: {fileID: 901453282920751464, guid: fc296026d9198334b976bcd3f27cb708,
        type: 3}
      propertyPath: m_RootOrder
      value: 2
      objectReference: {fileID: 0}
    - target: {fileID: 901453282920751464, guid: fc296026d9198334b976bcd3f27cb708,
        type: 3}
      propertyPath: m_LocalEulerAnglesHint.x
      value: 0
      objectReference: {fileID: 0}
    - target: {fileID: 901453282920751464, guid: fc296026d9198334b976bcd3f27cb708,
        type: 3}
      propertyPath: m_LocalEulerAnglesHint.y
      value: 0
      objectReference: {fileID: 0}
    - target: {fileID: 901453282920751464, guid: fc296026d9198334b976bcd3f27cb708,
        type: 3}
      propertyPath: m_LocalEulerAnglesHint.z
      value: 0
      objectReference: {fileID: 0}
    - target: {fileID: 901453282920751464, guid: fc296026d9198334b976bcd3f27cb708,
        type: 3}
      propertyPath: m_LocalScale.x
      value: 0.525
      objectReference: {fileID: 0}
    - target: {fileID: 901453282920751464, guid: fc296026d9198334b976bcd3f27cb708,
        type: 3}
      propertyPath: m_LocalScale.y
      value: 0.525
      objectReference: {fileID: 0}
    - target: {fileID: 901453282920751464, guid: fc296026d9198334b976bcd3f27cb708,
        type: 3}
      propertyPath: m_LocalScale.z
      value: 0.525
      objectReference: {fileID: 0}
    - target: {fileID: 3777211216409886019, guid: fc296026d9198334b976bcd3f27cb708,
        type: 3}
      propertyPath: m_Name
      value: Spooky_Crate20
      objectReference: {fileID: 0}
    m_RemovedComponents: []
  m_SourcePrefab: {fileID: 100100000, guid: fc296026d9198334b976bcd3f27cb708, type: 3}
--- !u!1 &8788316133119022444 stripped
GameObject:
  m_CorrespondingSourceObject: {fileID: 3777211216409886019, guid: fc296026d9198334b976bcd3f27cb708,
    type: 3}
  m_PrefabInstance: {fileID: 5592634435454347311}
  m_PrefabAsset: {fileID: 0}
--- !u!1001 &6281894201704429177
PrefabInstance:
  m_ObjectHideFlags: 0
  serializedVersion: 2
  m_Modification:
    m_TransformParent: {fileID: 2791510733273824090}
    m_Modifications:
    - target: {fileID: 2279154145560876232, guid: 5fef7775400dc214c9c8504aa27beff9,
        type: 3}
      propertyPath: m_Materials.Array.data[0]
      value: 
      objectReference: {fileID: 2100000, guid: 3791b774d5d2f4341a07b807d490a185, type: 2}
    - target: {fileID: 7372521024866216627, guid: 5fef7775400dc214c9c8504aa27beff9,
        type: 3}
      propertyPath: m_LocalPosition.x
      value: -10.161116
      objectReference: {fileID: 0}
    - target: {fileID: 7372521024866216627, guid: 5fef7775400dc214c9c8504aa27beff9,
        type: 3}
      propertyPath: m_LocalPosition.y
      value: -4.7
      objectReference: {fileID: 0}
    - target: {fileID: 7372521024866216627, guid: 5fef7775400dc214c9c8504aa27beff9,
        type: 3}
      propertyPath: m_LocalPosition.z
      value: 5.8053565
      objectReference: {fileID: 0}
    - target: {fileID: 7372521024866216627, guid: 5fef7775400dc214c9c8504aa27beff9,
        type: 3}
      propertyPath: m_LocalRotation.x
      value: -0
      objectReference: {fileID: 0}
    - target: {fileID: 7372521024866216627, guid: 5fef7775400dc214c9c8504aa27beff9,
        type: 3}
      propertyPath: m_LocalRotation.y
      value: 0.70710677
      objectReference: {fileID: 0}
    - target: {fileID: 7372521024866216627, guid: 5fef7775400dc214c9c8504aa27beff9,
        type: 3}
      propertyPath: m_LocalRotation.z
      value: -0
      objectReference: {fileID: 0}
    - target: {fileID: 7372521024866216627, guid: 5fef7775400dc214c9c8504aa27beff9,
        type: 3}
      propertyPath: m_LocalRotation.w
      value: 0.7071069
      objectReference: {fileID: 0}
    - target: {fileID: 7372521024866216627, guid: 5fef7775400dc214c9c8504aa27beff9,
        type: 3}
      propertyPath: m_RootOrder
      value: 12
      objectReference: {fileID: 0}
    - target: {fileID: 7372521024866216627, guid: 5fef7775400dc214c9c8504aa27beff9,
        type: 3}
      propertyPath: m_LocalEulerAnglesHint.x
      value: 0
      objectReference: {fileID: 0}
    - target: {fileID: 7372521024866216627, guid: 5fef7775400dc214c9c8504aa27beff9,
        type: 3}
      propertyPath: m_LocalEulerAnglesHint.y
      value: 45
      objectReference: {fileID: 0}
    - target: {fileID: 7372521024866216627, guid: 5fef7775400dc214c9c8504aa27beff9,
        type: 3}
      propertyPath: m_LocalEulerAnglesHint.z
      value: 0
      objectReference: {fileID: 0}
    - target: {fileID: 7372521024866216627, guid: 5fef7775400dc214c9c8504aa27beff9,
        type: 3}
      propertyPath: m_LocalScale.x
      value: 6.324314
      objectReference: {fileID: 0}
    - target: {fileID: 7372521024866216627, guid: 5fef7775400dc214c9c8504aa27beff9,
        type: 3}
      propertyPath: m_LocalScale.z
      value: 6.324314
      objectReference: {fileID: 0}
    - target: {fileID: 8943093537472823566, guid: 5fef7775400dc214c9c8504aa27beff9,
        type: 3}
      propertyPath: m_Materials.Array.data[0]
      value: 
      objectReference: {fileID: 2100000, guid: 3791b774d5d2f4341a07b807d490a185, type: 2}
    - target: {fileID: 9217763322253620912, guid: 5fef7775400dc214c9c8504aa27beff9,
        type: 3}
      propertyPath: m_Name
      value: test_weight switch snapping
      objectReference: {fileID: 0}
    m_RemovedComponents: []
  m_SourcePrefab: {fileID: 100100000, guid: 5fef7775400dc214c9c8504aa27beff9, type: 3}
--- !u!1001 &6602810801420428254
PrefabInstance:
  m_ObjectHideFlags: 0
  serializedVersion: 2
  m_Modification:
    m_TransformParent: {fileID: 2791510733273824090}
    m_Modifications:
    - target: {fileID: 1315889712926146226, guid: 333c4414d5cc28a4ba93745727dca48e,
        type: 3}
      propertyPath: m_Name
      value: blue push block (1)
      objectReference: {fileID: 0}
    - target: {fileID: 1315889712926146226, guid: 333c4414d5cc28a4ba93745727dca48e,
        type: 3}
      propertyPath: m_IsActive
      value: 1
      objectReference: {fileID: 0}
    - target: {fileID: 3716020708080863132, guid: 333c4414d5cc28a4ba93745727dca48e,
        type: 3}
      propertyPath: m_LocalPosition.x
      value: 10.74
      objectReference: {fileID: 0}
    - target: {fileID: 3716020708080863132, guid: 333c4414d5cc28a4ba93745727dca48e,
        type: 3}
      propertyPath: m_LocalPosition.y
      value: -5
      objectReference: {fileID: 0}
    - target: {fileID: 3716020708080863132, guid: 333c4414d5cc28a4ba93745727dca48e,
        type: 3}
      propertyPath: m_LocalPosition.z
      value: 12.44
      objectReference: {fileID: 0}
    - target: {fileID: 3716020708080863132, guid: 333c4414d5cc28a4ba93745727dca48e,
        type: 3}
      propertyPath: m_LocalRotation.x
      value: -0
      objectReference: {fileID: 0}
    - target: {fileID: 3716020708080863132, guid: 333c4414d5cc28a4ba93745727dca48e,
        type: 3}
      propertyPath: m_LocalRotation.y
      value: 0.38268343
      objectReference: {fileID: 0}
    - target: {fileID: 3716020708080863132, guid: 333c4414d5cc28a4ba93745727dca48e,
        type: 3}
      propertyPath: m_LocalRotation.z
      value: -0
      objectReference: {fileID: 0}
    - target: {fileID: 3716020708080863132, guid: 333c4414d5cc28a4ba93745727dca48e,
        type: 3}
      propertyPath: m_LocalRotation.w
      value: 0.92387956
      objectReference: {fileID: 0}
    - target: {fileID: 3716020708080863132, guid: 333c4414d5cc28a4ba93745727dca48e,
        type: 3}
      propertyPath: m_RootOrder
      value: 10
      objectReference: {fileID: 0}
    - target: {fileID: 3716020708080863132, guid: 333c4414d5cc28a4ba93745727dca48e,
        type: 3}
      propertyPath: m_LocalEulerAnglesHint.x
      value: 0
      objectReference: {fileID: 0}
    - target: {fileID: 3716020708080863132, guid: 333c4414d5cc28a4ba93745727dca48e,
        type: 3}
      propertyPath: m_LocalEulerAnglesHint.y
      value: 0
      objectReference: {fileID: 0}
    - target: {fileID: 3716020708080863132, guid: 333c4414d5cc28a4ba93745727dca48e,
        type: 3}
      propertyPath: m_LocalEulerAnglesHint.z
      value: 0
      objectReference: {fileID: 0}
    - target: {fileID: 5494035861069900824, guid: 333c4414d5cc28a4ba93745727dca48e,
        type: 3}
      propertyPath: m_LocalScale.x
      value: 4
      objectReference: {fileID: 0}
    - target: {fileID: 5494035861069900824, guid: 333c4414d5cc28a4ba93745727dca48e,
        type: 3}
      propertyPath: m_LocalScale.y
      value: 4
      objectReference: {fileID: 0}
    - target: {fileID: 5494035861069900824, guid: 333c4414d5cc28a4ba93745727dca48e,
        type: 3}
      propertyPath: m_LocalScale.z
      value: 4
      objectReference: {fileID: 0}
    - target: {fileID: 5704145775377754236, guid: 333c4414d5cc28a4ba93745727dca48e,
        type: 3}
      propertyPath: m_IsActive
      value: 0
      objectReference: {fileID: 0}
    m_RemovedComponents: []
  m_SourcePrefab: {fileID: 100100000, guid: 333c4414d5cc28a4ba93745727dca48e, type: 3}
--- !u!1 &5324134128458358124 stripped
GameObject:
  m_CorrespondingSourceObject: {fileID: 1315889712926146226, guid: 333c4414d5cc28a4ba93745727dca48e,
    type: 3}
  m_PrefabInstance: {fileID: 6602810801420428254}
  m_PrefabAsset: {fileID: 0}
--- !u!4 &1702178076253933510 stripped
Transform:
  m_CorrespondingSourceObject: {fileID: 5494035861069900824, guid: 333c4414d5cc28a4ba93745727dca48e,
    type: 3}
  m_PrefabInstance: {fileID: 6602810801420428254}
  m_PrefabAsset: {fileID: 0}
--- !u!1001 &7848537272843092310
PrefabInstance:
  m_ObjectHideFlags: 0
  serializedVersion: 2
  m_Modification:
    m_TransformParent: {fileID: 2791510733273824090}
    m_Modifications:
    - target: {fileID: 3247190846040637655, guid: 97cf7eceb1bd9424c9ac1ff33df078f0,
        type: 3}
      propertyPath: m_LocalPosition.x
      value: -2.6113873
      objectReference: {fileID: 0}
    - target: {fileID: 3247190846040637655, guid: 97cf7eceb1bd9424c9ac1ff33df078f0,
        type: 3}
      propertyPath: m_LocalPosition.y
      value: -2.84
      objectReference: {fileID: 0}
    - target: {fileID: 3247190846040637655, guid: 97cf7eceb1bd9424c9ac1ff33df078f0,
        type: 3}
      propertyPath: m_LocalPosition.z
      value: -15.265803
      objectReference: {fileID: 0}
    - target: {fileID: 3247190846040637655, guid: 97cf7eceb1bd9424c9ac1ff33df078f0,
        type: 3}
      propertyPath: m_LocalRotation.x
      value: -0
      objectReference: {fileID: 0}
    - target: {fileID: 3247190846040637655, guid: 97cf7eceb1bd9424c9ac1ff33df078f0,
        type: 3}
      propertyPath: m_LocalRotation.y
      value: 0.9238795
      objectReference: {fileID: 0}
    - target: {fileID: 3247190846040637655, guid: 97cf7eceb1bd9424c9ac1ff33df078f0,
        type: 3}
      propertyPath: m_LocalRotation.z
      value: -0
      objectReference: {fileID: 0}
    - target: {fileID: 3247190846040637655, guid: 97cf7eceb1bd9424c9ac1ff33df078f0,
        type: 3}
      propertyPath: m_LocalRotation.w
      value: 0.38268346
      objectReference: {fileID: 0}
    - target: {fileID: 3247190846040637655, guid: 97cf7eceb1bd9424c9ac1ff33df078f0,
        type: 3}
      propertyPath: m_RootOrder
      value: 15
      objectReference: {fileID: 0}
    - target: {fileID: 3247190846040637655, guid: 97cf7eceb1bd9424c9ac1ff33df078f0,
        type: 3}
      propertyPath: m_LocalEulerAnglesHint.x
      value: 0
      objectReference: {fileID: 0}
    - target: {fileID: 3247190846040637655, guid: 97cf7eceb1bd9424c9ac1ff33df078f0,
        type: 3}
      propertyPath: m_LocalEulerAnglesHint.y
      value: 90
      objectReference: {fileID: 0}
    - target: {fileID: 3247190846040637655, guid: 97cf7eceb1bd9424c9ac1ff33df078f0,
        type: 3}
      propertyPath: m_LocalEulerAnglesHint.z
      value: 0
      objectReference: {fileID: 0}
    - target: {fileID: 3247190846040637655, guid: 97cf7eceb1bd9424c9ac1ff33df078f0,
        type: 3}
      propertyPath: m_LocalScale.x
      value: 35.775066
      objectReference: {fileID: 0}
    - target: {fileID: 3247190846040637655, guid: 97cf7eceb1bd9424c9ac1ff33df078f0,
        type: 3}
      propertyPath: m_LocalScale.z
      value: 35.775066
      objectReference: {fileID: 0}
    - target: {fileID: 5373761059623608362, guid: 97cf7eceb1bd9424c9ac1ff33df078f0,
        type: 3}
      propertyPath: m_Name
      value: key_ghost
      objectReference: {fileID: 0}
    m_RemovedComponents: []
  m_SourcePrefab: {fileID: 100100000, guid: 97cf7eceb1bd9424c9ac1ff33df078f0, type: 3}
--- !u!114 &6375964586340181360 stripped
MonoBehaviour:
  m_CorrespondingSourceObject: {fileID: 3787634018560713766, guid: 97cf7eceb1bd9424c9ac1ff33df078f0,
    type: 3}
  m_PrefabInstance: {fileID: 7848537272843092310}
  m_PrefabAsset: {fileID: 0}
  m_GameObject: {fileID: 0}
  m_Enabled: 1
  m_EditorHideFlags: 0
  m_Script: {fileID: 11500000, guid: 11675a6d2dbba3942bc6f5b85dadf74e, type: 3}
  m_Name: 
  m_EditorClassIdentifier: 
--- !u!1001 &8859572733452543243
PrefabInstance:
  m_ObjectHideFlags: 0
  serializedVersion: 2
  m_Modification:
    m_TransformParent: {fileID: 2791510733273824090}
    m_Modifications:
    - target: {fileID: 5020037591104094142, guid: 0f982ac4e545e0e47b621d30d16a0e7d,
        type: 3}
      propertyPath: m_LocalPosition.x
      value: -2.0364602
      objectReference: {fileID: 0}
    - target: {fileID: 5020037591104094142, guid: 0f982ac4e545e0e47b621d30d16a0e7d,
        type: 3}
      propertyPath: m_LocalPosition.y
      value: -7.7799997
      objectReference: {fileID: 0}
    - target: {fileID: 5020037591104094142, guid: 0f982ac4e545e0e47b621d30d16a0e7d,
        type: 3}
      propertyPath: m_LocalPosition.z
      value: 1.3435094
      objectReference: {fileID: 0}
    - target: {fileID: 5020037591104094142, guid: 0f982ac4e545e0e47b621d30d16a0e7d,
        type: 3}
      propertyPath: m_LocalRotation.x
      value: 0
      objectReference: {fileID: 0}
    - target: {fileID: 5020037591104094142, guid: 0f982ac4e545e0e47b621d30d16a0e7d,
        type: 3}
      propertyPath: m_LocalRotation.y
      value: -0
      objectReference: {fileID: 0}
    - target: {fileID: 5020037591104094142, guid: 0f982ac4e545e0e47b621d30d16a0e7d,
        type: 3}
      propertyPath: m_LocalRotation.z
      value: -0
      objectReference: {fileID: 0}
    - target: {fileID: 5020037591104094142, guid: 0f982ac4e545e0e47b621d30d16a0e7d,
        type: 3}
      propertyPath: m_LocalRotation.w
      value: 1
      objectReference: {fileID: 0}
    - target: {fileID: 5020037591104094142, guid: 0f982ac4e545e0e47b621d30d16a0e7d,
        type: 3}
      propertyPath: m_RootOrder
      value: 13
      objectReference: {fileID: 0}
    - target: {fileID: 5020037591104094142, guid: 0f982ac4e545e0e47b621d30d16a0e7d,
        type: 3}
      propertyPath: m_LocalEulerAnglesHint.x
      value: 0
      objectReference: {fileID: 0}
    - target: {fileID: 5020037591104094142, guid: 0f982ac4e545e0e47b621d30d16a0e7d,
        type: 3}
      propertyPath: m_LocalEulerAnglesHint.y
      value: -45
      objectReference: {fileID: 0}
    - target: {fileID: 5020037591104094142, guid: 0f982ac4e545e0e47b621d30d16a0e7d,
        type: 3}
      propertyPath: m_LocalEulerAnglesHint.z
      value: 0
      objectReference: {fileID: 0}
    - target: {fileID: 9169398713398287353, guid: 0f982ac4e545e0e47b621d30d16a0e7d,
        type: 3}
      propertyPath: m_Name
      value: colour switch
      objectReference: {fileID: 0}
    m_RemovedComponents: []
  m_SourcePrefab: {fileID: 100100000, guid: 0f982ac4e545e0e47b621d30d16a0e7d, type: 3}
--- !u!1001 &8859572733962127805
PrefabInstance:
  m_ObjectHideFlags: 0
  serializedVersion: 2
  m_Modification:
    m_TransformParent: {fileID: 2791510733273824090}
    m_Modifications:
    - target: {fileID: 2279154145560876232, guid: 5fef7775400dc214c9c8504aa27beff9,
        type: 3}
      propertyPath: m_Materials.Array.data[0]
      value: 
      objectReference: {fileID: 2100000, guid: afff8da31721c494b9d543c3086e3f4e, type: 2}
    - target: {fileID: 7372521024866216627, guid: 5fef7775400dc214c9c8504aa27beff9,
        type: 3}
      propertyPath: m_LocalPosition.x
      value: 4.4194174
      objectReference: {fileID: 0}
    - target: {fileID: 7372521024866216627, guid: 5fef7775400dc214c9c8504aa27beff9,
        type: 3}
      propertyPath: m_LocalPosition.y
      value: -4.7
      objectReference: {fileID: 0}
    - target: {fileID: 7372521024866216627, guid: 5fef7775400dc214c9c8504aa27beff9,
        type: 3}
      propertyPath: m_LocalPosition.z
      value: -7.756963
      objectReference: {fileID: 0}
    - target: {fileID: 7372521024866216627, guid: 5fef7775400dc214c9c8504aa27beff9,
        type: 3}
      propertyPath: m_LocalRotation.x
      value: -0
      objectReference: {fileID: 0}
    - target: {fileID: 7372521024866216627, guid: 5fef7775400dc214c9c8504aa27beff9,
        type: 3}
      propertyPath: m_LocalRotation.y
      value: 0.70710677
      objectReference: {fileID: 0}
    - target: {fileID: 7372521024866216627, guid: 5fef7775400dc214c9c8504aa27beff9,
        type: 3}
      propertyPath: m_LocalRotation.z
      value: -0
      objectReference: {fileID: 0}
    - target: {fileID: 7372521024866216627, guid: 5fef7775400dc214c9c8504aa27beff9,
        type: 3}
      propertyPath: m_LocalRotation.w
      value: 0.7071069
      objectReference: {fileID: 0}
    - target: {fileID: 7372521024866216627, guid: 5fef7775400dc214c9c8504aa27beff9,
        type: 3}
      propertyPath: m_RootOrder
      value: 9
      objectReference: {fileID: 0}
    - target: {fileID: 7372521024866216627, guid: 5fef7775400dc214c9c8504aa27beff9,
        type: 3}
      propertyPath: m_LocalEulerAnglesHint.x
      value: 0
      objectReference: {fileID: 0}
    - target: {fileID: 7372521024866216627, guid: 5fef7775400dc214c9c8504aa27beff9,
        type: 3}
      propertyPath: m_LocalEulerAnglesHint.y
      value: 45
      objectReference: {fileID: 0}
    - target: {fileID: 7372521024866216627, guid: 5fef7775400dc214c9c8504aa27beff9,
        type: 3}
      propertyPath: m_LocalEulerAnglesHint.z
      value: 0
      objectReference: {fileID: 0}
    - target: {fileID: 7372521024866216627, guid: 5fef7775400dc214c9c8504aa27beff9,
        type: 3}
      propertyPath: m_LocalScale.x
      value: 6.324314
      objectReference: {fileID: 0}
    - target: {fileID: 7372521024866216627, guid: 5fef7775400dc214c9c8504aa27beff9,
        type: 3}
      propertyPath: m_LocalScale.z
      value: 6.324314
      objectReference: {fileID: 0}
    - target: {fileID: 8943093537472823566, guid: 5fef7775400dc214c9c8504aa27beff9,
        type: 3}
      propertyPath: m_Materials.Array.data[0]
      value: 
      objectReference: {fileID: 2100000, guid: afff8da31721c494b9d543c3086e3f4e, type: 2}
    - target: {fileID: 9217763322253620912, guid: 5fef7775400dc214c9c8504aa27beff9,
        type: 3}
      propertyPath: m_Name
      value: test_weight switch snapping (3)
      objectReference: {fileID: 0}
    m_RemovedComponents: []
  m_SourcePrefab: {fileID: 100100000, guid: 5fef7775400dc214c9c8504aa27beff9, type: 3}
--- !u!1001 &8859572734177535912
PrefabInstance:
  m_ObjectHideFlags: 0
  serializedVersion: 2
  m_Modification:
    m_TransformParent: {fileID: 0}
    m_Modifications:
    - target: {fileID: 5149677301235823872, guid: 6012ebc704aa0f24ab411843d03ca916,
        type: 3}
      propertyPath: m_LocalPosition.z
      value: 16.35
      objectReference: {fileID: 0}
    - target: {fileID: 5149677301235823872, guid: 6012ebc704aa0f24ab411843d03ca916,
        type: 3}
      propertyPath: m_LocalPosition.y
      value: -2.57
      objectReference: {fileID: 0}
    - target: {fileID: 5149677301235823872, guid: 6012ebc704aa0f24ab411843d03ca916,
        type: 3}
      propertyPath: m_RootOrder
      value: 6
      objectReference: {fileID: 0}
    - target: {fileID: 5573570511662373800, guid: 6012ebc704aa0f24ab411843d03ca916,
        type: 3}
      propertyPath: exitPortal
      value: 
      objectReference: {fileID: 0}
    - target: {fileID: 5573570511662373800, guid: 6012ebc704aa0f24ab411843d03ca916,
        type: 3}
      propertyPath: keyType
      value: 1
      objectReference: {fileID: 0}
    - target: {fileID: 6651524517158059338, guid: 6012ebc704aa0f24ab411843d03ca916,
        type: 3}
      propertyPath: m_RootOrder
      value: 0
      objectReference: {fileID: 0}
    - target: {fileID: 6651524517475111782, guid: 6012ebc704aa0f24ab411843d03ca916,
        type: 3}
      propertyPath: m_LocalPosition.y
      value: 6.106
      objectReference: {fileID: 0}
    - target: {fileID: 6651524517475111782, guid: 6012ebc704aa0f24ab411843d03ca916,
        type: 3}
      propertyPath: m_LocalScale.y
      value: 24.090832
      objectReference: {fileID: 0}
    - target: {fileID: 6651524517475111782, guid: 6012ebc704aa0f24ab411843d03ca916,
        type: 3}
      propertyPath: m_LocalScale.z
      value: 1.4696949
      objectReference: {fileID: 0}
    - target: {fileID: 6651524517475111782, guid: 6012ebc704aa0f24ab411843d03ca916,
        type: 3}
      propertyPath: m_LocalPosition.x
      value: -2
      objectReference: {fileID: 0}
    - target: {fileID: 6651524517475111782, guid: 6012ebc704aa0f24ab411843d03ca916,
        type: 3}
      propertyPath: m_LocalPosition.z
      value: 17.1
      objectReference: {fileID: 0}
    - target: {fileID: 6651524517475111782, guid: 6012ebc704aa0f24ab411843d03ca916,
        type: 3}
      propertyPath: m_RootOrder
      value: 1
      objectReference: {fileID: 0}
    - target: {fileID: 6651524518176098119, guid: 6012ebc704aa0f24ab411843d03ca916,
        type: 3}
      propertyPath: m_LocalPosition.y
      value: 6.106
      objectReference: {fileID: 0}
    - target: {fileID: 6651524518176098119, guid: 6012ebc704aa0f24ab411843d03ca916,
        type: 3}
      propertyPath: m_LocalScale.y
      value: 24.090832
      objectReference: {fileID: 0}
    - target: {fileID: 6651524518176098119, guid: 6012ebc704aa0f24ab411843d03ca916,
        type: 3}
      propertyPath: m_LocalScale.z
      value: 1.0993941
      objectReference: {fileID: 0}
    - target: {fileID: 6651524518176098119, guid: 6012ebc704aa0f24ab411843d03ca916,
        type: 3}
      propertyPath: m_LocalPosition.z
      value: -1.17
      objectReference: {fileID: 0}
    - target: {fileID: 6651524518176098119, guid: 6012ebc704aa0f24ab411843d03ca916,
        type: 3}
      propertyPath: m_LocalScale.x
      value: 37.46749
      objectReference: {fileID: 0}
    - target: {fileID: 6651524518176098119, guid: 6012ebc704aa0f24ab411843d03ca916,
        type: 3}
      propertyPath: m_RootOrder
      value: 2
      objectReference: {fileID: 0}
    - target: {fileID: 6651524518244873478, guid: 6012ebc704aa0f24ab411843d03ca916,
        type: 3}
      propertyPath: m_RootOrder
      value: 4
      objectReference: {fileID: 0}
    - target: {fileID: 6651524518288642975, guid: 6012ebc704aa0f24ab411843d03ca916,
        type: 3}
      propertyPath: m_RootOrder
      value: 5
      objectReference: {fileID: 0}
    - target: {fileID: 6651524518347623970, guid: 6012ebc704aa0f24ab411843d03ca916,
        type: 3}
      propertyPath: m_RootOrder
      value: 3
      objectReference: {fileID: 0}
    - target: {fileID: 6651524518719954160, guid: 6012ebc704aa0f24ab411843d03ca916,
        type: 3}
      propertyPath: key
      value: 
      objectReference: {fileID: 6375964586340181360}
    - target: {fileID: 6651524518719954162, guid: 6012ebc704aa0f24ab411843d03ca916,
        type: 3}
      propertyPath: m_LocalPosition.x
      value: -13.3
      objectReference: {fileID: 0}
    - target: {fileID: 6651524518719954162, guid: 6012ebc704aa0f24ab411843d03ca916,
        type: 3}
      propertyPath: m_LocalPosition.y
      value: 77.4
      objectReference: {fileID: 0}
    - target: {fileID: 6651524518719954162, guid: 6012ebc704aa0f24ab411843d03ca916,
        type: 3}
      propertyPath: m_LocalPosition.z
      value: 100.3
      objectReference: {fileID: 0}
    - target: {fileID: 6651524518719954162, guid: 6012ebc704aa0f24ab411843d03ca916,
        type: 3}
      propertyPath: m_LocalRotation.x
      value: -0
      objectReference: {fileID: 0}
    - target: {fileID: 6651524518719954162, guid: 6012ebc704aa0f24ab411843d03ca916,
        type: 3}
      propertyPath: m_LocalRotation.y
      value: -0.38268343
      objectReference: {fileID: 0}
    - target: {fileID: 6651524518719954162, guid: 6012ebc704aa0f24ab411843d03ca916,
        type: 3}
      propertyPath: m_LocalRotation.z
      value: -0
      objectReference: {fileID: 0}
    - target: {fileID: 6651524518719954162, guid: 6012ebc704aa0f24ab411843d03ca916,
        type: 3}
      propertyPath: m_LocalRotation.w
      value: 0.92387956
      objectReference: {fileID: 0}
    - target: {fileID: 6651524518719954162, guid: 6012ebc704aa0f24ab411843d03ca916,
        type: 3}
      propertyPath: m_RootOrder
      value: 0
      objectReference: {fileID: 0}
    - target: {fileID: 6651524518719954162, guid: 6012ebc704aa0f24ab411843d03ca916,
        type: 3}
      propertyPath: m_LocalEulerAnglesHint.x
      value: 0
      objectReference: {fileID: 0}
    - target: {fileID: 6651524518719954162, guid: 6012ebc704aa0f24ab411843d03ca916,
        type: 3}
      propertyPath: m_LocalEulerAnglesHint.y
      value: 0
      objectReference: {fileID: 0}
    - target: {fileID: 6651524518719954162, guid: 6012ebc704aa0f24ab411843d03ca916,
        type: 3}
      propertyPath: m_LocalEulerAnglesHint.z
      value: 0
      objectReference: {fileID: 0}
    - target: {fileID: 6651524518719954163, guid: 6012ebc704aa0f24ab411843d03ca916,
        type: 3}
      propertyPath: m_Name
      value: colour push block puzzle room Variant
      objectReference: {fileID: 0}
    - target: {fileID: 7836597893921223804, guid: 6012ebc704aa0f24ab411843d03ca916,
        type: 3}
      propertyPath: m_LocalScale.y
      value: 0.60886
      objectReference: {fileID: 0}
    - target: {fileID: 7836597893921223804, guid: 6012ebc704aa0f24ab411843d03ca916,
        type: 3}
      propertyPath: m_LocalPosition.y
      value: -0.71
      objectReference: {fileID: 0}
    - target: {fileID: 7836597893921223804, guid: 6012ebc704aa0f24ab411843d03ca916,
        type: 3}
      propertyPath: m_LocalPosition.z
      value: -1.291
      objectReference: {fileID: 0}
    - target: {fileID: 7836597893921223804, guid: 6012ebc704aa0f24ab411843d03ca916,
        type: 3}
      propertyPath: m_LocalScale.x
      value: 40.198063
      objectReference: {fileID: 0}
    - target: {fileID: 7836597893921223804, guid: 6012ebc704aa0f24ab411843d03ca916,
        type: 3}
      propertyPath: m_LocalScale.z
      value: 24.556904
      objectReference: {fileID: 0}
    m_RemovedComponents: []
  m_SourcePrefab: {fileID: 100100000, guid: 6012ebc704aa0f24ab411843d03ca916, type: 3}
--- !u!4 &2791510732785752802 stripped
Transform:
  m_CorrespondingSourceObject: {fileID: 6651524517158059338, guid: 6012ebc704aa0f24ab411843d03ca916,
    type: 3}
  m_PrefabInstance: {fileID: 8859572734177535912}
  m_PrefabAsset: {fileID: 0}
--- !u!4 &2791510733273824090 stripped
Transform:
  m_CorrespondingSourceObject: {fileID: 6651524518719954162, guid: 6012ebc704aa0f24ab411843d03ca916,
    type: 3}
  m_PrefabInstance: {fileID: 8859572734177535912}
  m_PrefabAsset: {fileID: 0}
--- !u!1001 &8859572734734421866
PrefabInstance:
  m_ObjectHideFlags: 0
  serializedVersion: 2
  m_Modification:
    m_TransformParent: {fileID: 2791510733273824090}
    m_Modifications:
    - target: {fileID: 2279154145560876232, guid: 5fef7775400dc214c9c8504aa27beff9,
        type: 3}
      propertyPath: m_Materials.Array.data[0]
      value: 
      objectReference: {fileID: 2100000, guid: afff8da31721c494b9d543c3086e3f4e, type: 2}
    - target: {fileID: 7372521024866216627, guid: 5fef7775400dc214c9c8504aa27beff9,
        type: 3}
      propertyPath: m_LocalPosition.x
      value: -10.161123
      objectReference: {fileID: 0}
    - target: {fileID: 7372521024866216627, guid: 5fef7775400dc214c9c8504aa27beff9,
        type: 3}
      propertyPath: m_LocalPosition.y
      value: -4.7
      objectReference: {fileID: 0}
    - target: {fileID: 7372521024866216627, guid: 5fef7775400dc214c9c8504aa27beff9,
        type: 3}
      propertyPath: m_LocalPosition.z
      value: -7.75696
      objectReference: {fileID: 0}
    - target: {fileID: 7372521024866216627, guid: 5fef7775400dc214c9c8504aa27beff9,
        type: 3}
      propertyPath: m_LocalRotation.x
      value: -0
      objectReference: {fileID: 0}
    - target: {fileID: 7372521024866216627, guid: 5fef7775400dc214c9c8504aa27beff9,
        type: 3}
      propertyPath: m_LocalRotation.y
      value: 0.70710677
      objectReference: {fileID: 0}
    - target: {fileID: 7372521024866216627, guid: 5fef7775400dc214c9c8504aa27beff9,
        type: 3}
      propertyPath: m_LocalRotation.z
      value: -0
      objectReference: {fileID: 0}
    - target: {fileID: 7372521024866216627, guid: 5fef7775400dc214c9c8504aa27beff9,
        type: 3}
      propertyPath: m_LocalRotation.w
      value: 0.7071069
      objectReference: {fileID: 0}
    - target: {fileID: 7372521024866216627, guid: 5fef7775400dc214c9c8504aa27beff9,
        type: 3}
      propertyPath: m_RootOrder
      value: 8
      objectReference: {fileID: 0}
    - target: {fileID: 7372521024866216627, guid: 5fef7775400dc214c9c8504aa27beff9,
        type: 3}
      propertyPath: m_LocalEulerAnglesHint.x
      value: 0
      objectReference: {fileID: 0}
    - target: {fileID: 7372521024866216627, guid: 5fef7775400dc214c9c8504aa27beff9,
        type: 3}
      propertyPath: m_LocalEulerAnglesHint.y
      value: 45
      objectReference: {fileID: 0}
    - target: {fileID: 7372521024866216627, guid: 5fef7775400dc214c9c8504aa27beff9,
        type: 3}
      propertyPath: m_LocalEulerAnglesHint.z
      value: 0
      objectReference: {fileID: 0}
    - target: {fileID: 7372521024866216627, guid: 5fef7775400dc214c9c8504aa27beff9,
        type: 3}
      propertyPath: m_LocalScale.x
      value: 6.324314
      objectReference: {fileID: 0}
    - target: {fileID: 7372521024866216627, guid: 5fef7775400dc214c9c8504aa27beff9,
        type: 3}
      propertyPath: m_LocalScale.z
      value: 6.324314
      objectReference: {fileID: 0}
    - target: {fileID: 8943093537472823566, guid: 5fef7775400dc214c9c8504aa27beff9,
        type: 3}
      propertyPath: m_Materials.Array.data[0]
      value: 
      objectReference: {fileID: 2100000, guid: afff8da31721c494b9d543c3086e3f4e, type: 2}
    - target: {fileID: 9217763322253620912, guid: 5fef7775400dc214c9c8504aa27beff9,
        type: 3}
      propertyPath: m_Name
      value: test_weight switch snapping (2)
      objectReference: {fileID: 0}
    m_RemovedComponents: []
  m_SourcePrefab: {fileID: 100100000, guid: 5fef7775400dc214c9c8504aa27beff9, type: 3}
--- !u!1001 &8859572734798539762
PrefabInstance:
  m_ObjectHideFlags: 0
  serializedVersion: 2
  m_Modification:
    m_TransformParent: {fileID: 2791510733273824090}
    m_Modifications:
    - target: {fileID: 2279154145560876232, guid: 5fef7775400dc214c9c8504aa27beff9,
        type: 3}
      propertyPath: m_Materials.Array.data[0]
      value: 
      objectReference: {fileID: 2100000, guid: 3791b774d5d2f4341a07b807d490a185, type: 2}
    - target: {fileID: 7372521024866216627, guid: 5fef7775400dc214c9c8504aa27beff9,
        type: 3}
      propertyPath: m_LocalPosition.x
      value: 4.419425
      objectReference: {fileID: 0}
    - target: {fileID: 7372521024866216627, guid: 5fef7775400dc214c9c8504aa27beff9,
        type: 3}
      propertyPath: m_LocalPosition.y
      value: -4.7
      objectReference: {fileID: 0}
    - target: {fileID: 7372521024866216627, guid: 5fef7775400dc214c9c8504aa27beff9,
        type: 3}
      propertyPath: m_LocalPosition.z
      value: 5.8053546
      objectReference: {fileID: 0}
    - target: {fileID: 7372521024866216627, guid: 5fef7775400dc214c9c8504aa27beff9,
        type: 3}
      propertyPath: m_LocalRotation.x
      value: -0
      objectReference: {fileID: 0}
    - target: {fileID: 7372521024866216627, guid: 5fef7775400dc214c9c8504aa27beff9,
        type: 3}
      propertyPath: m_LocalRotation.y
      value: 0.70710677
      objectReference: {fileID: 0}
    - target: {fileID: 7372521024866216627, guid: 5fef7775400dc214c9c8504aa27beff9,
        type: 3}
      propertyPath: m_LocalRotation.z
      value: -0
      objectReference: {fileID: 0}
    - target: {fileID: 7372521024866216627, guid: 5fef7775400dc214c9c8504aa27beff9,
        type: 3}
      propertyPath: m_LocalRotation.w
      value: 0.7071069
      objectReference: {fileID: 0}
    - target: {fileID: 7372521024866216627, guid: 5fef7775400dc214c9c8504aa27beff9,
        type: 3}
      propertyPath: m_RootOrder
      value: 7
      objectReference: {fileID: 0}
    - target: {fileID: 7372521024866216627, guid: 5fef7775400dc214c9c8504aa27beff9,
        type: 3}
      propertyPath: m_LocalEulerAnglesHint.x
      value: 0
      objectReference: {fileID: 0}
    - target: {fileID: 7372521024866216627, guid: 5fef7775400dc214c9c8504aa27beff9,
        type: 3}
      propertyPath: m_LocalEulerAnglesHint.y
      value: 45
      objectReference: {fileID: 0}
    - target: {fileID: 7372521024866216627, guid: 5fef7775400dc214c9c8504aa27beff9,
        type: 3}
      propertyPath: m_LocalEulerAnglesHint.z
      value: 0
      objectReference: {fileID: 0}
    - target: {fileID: 7372521024866216627, guid: 5fef7775400dc214c9c8504aa27beff9,
        type: 3}
      propertyPath: m_LocalScale.x
      value: 6.324314
      objectReference: {fileID: 0}
    - target: {fileID: 7372521024866216627, guid: 5fef7775400dc214c9c8504aa27beff9,
        type: 3}
      propertyPath: m_LocalScale.z
      value: 6.324314
      objectReference: {fileID: 0}
    - target: {fileID: 8943093537472823566, guid: 5fef7775400dc214c9c8504aa27beff9,
        type: 3}
      propertyPath: m_Materials.Array.data[0]
      value: 
      objectReference: {fileID: 2100000, guid: 3791b774d5d2f4341a07b807d490a185, type: 2}
    - target: {fileID: 9217763322253620912, guid: 5fef7775400dc214c9c8504aa27beff9,
        type: 3}
      propertyPath: m_Name
      value: test_weight switch snapping (1)
      objectReference: {fileID: 0}
    m_RemovedComponents: []
  m_SourcePrefab: {fileID: 100100000, guid: 5fef7775400dc214c9c8504aa27beff9, type: 3}
