%YAML 1.1
%TAG !u! tag:unity3d.com,2011:
--- !u!1102 &-9146379961683903038
AnimatorState:
  serializedVersion: 5
  m_ObjectHideFlags: 1
  m_CorrespondingSourceObject: {fileID: 0}
  m_PrefabInstance: {fileID: 0}
  m_PrefabAsset: {fileID: 0}
  m_Name: SPELL
  m_Speed: 1
  m_CycleOffset: 0
  m_Transitions:
  - {fileID: 6161923247494370403}
  - {fileID: 8691733908974232942}
  m_StateMachineBehaviours: []
  m_Position: {x: 50, y: 50, z: 0}
  m_IKOnFeet: 0
  m_WriteDefaultValues: 1
  m_Mirror: 0
  m_SpeedParameterActive: 0
  m_MirrorParameterActive: 0
  m_CycleOffsetParameterActive: 0
  m_TimeParameterActive: 0
  m_Motion: {fileID: 1827226128182048838, guid: 8053eb69cbc57754b9bcb7995646216e,
    type: 3}
  m_Tag: 
  m_SpeedParameter: 
  m_MirrorParameter: 
  m_CycleOffsetParameter: 
  m_TimeParameter: 
--- !u!1102 &-8865976025500731034
AnimatorState:
  serializedVersion: 5
  m_ObjectHideFlags: 3
  m_CorrespondingSourceObject: {fileID: 0}
  m_PrefabInstance: {fileID: 0}
  m_PrefabAsset: {fileID: 0}
  m_Name: DOOR
  m_Speed: 1
  m_CycleOffset: 0
  m_Transitions:
  - {fileID: -5196294785445386444}
  - {fileID: -974908346128700406}
  m_StateMachineBehaviours: []
  m_Position: {x: 50, y: 50, z: 0}
  m_IKOnFeet: 0
  m_WriteDefaultValues: 1
  m_Mirror: 0
  m_SpeedParameterActive: 0
  m_MirrorParameterActive: 0
  m_CycleOffsetParameterActive: 0
  m_TimeParameterActive: 0
  m_Motion: {fileID: 1827226128182048838, guid: a52c98d900a4c0e4e8e421d5eef425a1,
    type: 3}
  m_Tag: 
  m_SpeedParameter: 
  m_MirrorParameter: 
  m_CycleOffsetParameter: 
  m_TimeParameter: 
--- !u!1102 &-8427455244098199550
AnimatorState:
  serializedVersion: 5
  m_ObjectHideFlags: 3
  m_CorrespondingSourceObject: {fileID: 0}
  m_PrefabInstance: {fileID: 0}
  m_PrefabAsset: {fileID: 0}
  m_Name: INTERACTION
  m_Speed: 1
  m_CycleOffset: 0
  m_Transitions:
  - {fileID: -6822276614360006581}
  m_StateMachineBehaviours: []
  m_Position: {x: 50, y: 50, z: 0}
  m_IKOnFeet: 0
  m_WriteDefaultValues: 1
  m_Mirror: 0
  m_SpeedParameterActive: 0
  m_MirrorParameterActive: 0
  m_CycleOffsetParameterActive: 0
  m_TimeParameterActive: 0
  m_Motion: {fileID: 1827226128182048838, guid: 6415c3cec24c5a649b493bd09158036a,
    type: 3}
  m_Tag: 
  m_SpeedParameter: 
  m_MirrorParameter: 
  m_CycleOffsetParameter: 
  m_TimeParameter: 
--- !u!1101 &-7774144582853125434
AnimatorStateTransition:
  m_ObjectHideFlags: 3
  m_CorrespondingSourceObject: {fileID: 0}
  m_PrefabInstance: {fileID: 0}
  m_PrefabAsset: {fileID: 0}
  m_Name: 
  m_Conditions:
  - m_ConditionMode: 2
    m_ConditionEvent: isIdling
    m_EventTreshold: 0
  - m_ConditionMode: 1
    m_ConditionEvent: isEnterExitDoor
    m_EventTreshold: 0
  - m_ConditionMode: 2
    m_ConditionEvent: isVictory
    m_EventTreshold: 0
  - m_ConditionMode: 2
    m_ConditionEvent: isWalking
    m_EventTreshold: 0
  - m_ConditionMode: 2
    m_ConditionEvent: isWaving
    m_EventTreshold: 0
  - m_ConditionMode: 2
    m_ConditionEvent: isInteracting
    m_EventTreshold: 0
  - m_ConditionMode: 2
    m_ConditionEvent: isCastingSpell
    m_EventTreshold: 0
  m_DstStateMachine: {fileID: 0}
  m_DstState: {fileID: -8865976025500731034}
  m_Solo: 0
  m_Mute: 0
  m_IsExit: 0
  serializedVersion: 3
  m_TransitionDuration: 0.25
  m_TransitionOffset: 0
  m_ExitTime: 0.9375
  m_HasExitTime: 1
  m_HasFixedDuration: 1
  m_InterruptionSource: 0
  m_OrderedInterruption: 1
  m_CanTransitionToSelf: 1
--- !u!1102 &-7736305793883525180
AnimatorState:
  serializedVersion: 5
  m_ObjectHideFlags: 3
  m_CorrespondingSourceObject: {fileID: 0}
  m_PrefabInstance: {fileID: 0}
  m_PrefabAsset: {fileID: 0}
  m_Name: VICTORY
  m_Speed: 1
  m_CycleOffset: 0
  m_Transitions:
  - {fileID: -2378022168830445081}
  m_StateMachineBehaviours: []
  m_Position: {x: 50, y: 50, z: 0}
  m_IKOnFeet: 0
  m_WriteDefaultValues: 1
  m_Mirror: 0
  m_SpeedParameterActive: 0
  m_MirrorParameterActive: 0
  m_CycleOffsetParameterActive: 0
  m_TimeParameterActive: 0
  m_Motion: {fileID: 1827226128182048838, guid: a52c98d900a4c0e4e8e421d5eef425a1,
    type: 3}
  m_Tag: 
  m_SpeedParameter: 
  m_MirrorParameter: 
  m_CycleOffsetParameter: 
  m_TimeParameter: 
--- !u!1101 &-7637899963094796329
AnimatorStateTransition:
  m_ObjectHideFlags: 1
  m_CorrespondingSourceObject: {fileID: 0}
  m_PrefabInstance: {fileID: 0}
  m_PrefabAsset: {fileID: 0}
  m_Name: 
  m_Conditions:
  - m_ConditionMode: 2
    m_ConditionEvent: isIdling
    m_EventTreshold: 0
  - m_ConditionMode: 1
    m_ConditionEvent: isWalking
    m_EventTreshold: 0
  - m_ConditionMode: 2
    m_ConditionEvent: isVictory
    m_EventTreshold: 0
  - m_ConditionMode: 2
    m_ConditionEvent: isInteracting
    m_EventTreshold: 0
  - m_ConditionMode: 2
    m_ConditionEvent: isWaving
    m_EventTreshold: 0
  - m_ConditionMode: 2
    m_ConditionEvent: isCastingSpell
    m_EventTreshold: 0
  - m_ConditionMode: 2
    m_ConditionEvent: isEnterExitDoor
    m_EventTreshold: 0
  m_DstStateMachine: {fileID: 0}
  m_DstState: {fileID: 7925975076976519006}
  m_Solo: 0
  m_Mute: 0
  m_IsExit: 0
  serializedVersion: 3
  m_TransitionDuration: 0.25
  m_TransitionOffset: 0
  m_ExitTime: 0.9375
  m_HasExitTime: 0
  m_HasFixedDuration: 1
  m_InterruptionSource: 0
  m_OrderedInterruption: 1
  m_CanTransitionToSelf: 1
--- !u!1101 &-7577560165394470662
AnimatorStateTransition:
  m_ObjectHideFlags: 3
  m_CorrespondingSourceObject: {fileID: 0}
  m_PrefabInstance: {fileID: 0}
  m_PrefabAsset: {fileID: 0}
  m_Name: 
  m_Conditions:
  - m_ConditionMode: 2
    m_ConditionEvent: isIdling
    m_EventTreshold: 0
  - m_ConditionMode: 1
    m_ConditionEvent: isInteracting
    m_EventTreshold: 0
  - m_ConditionMode: 2
    m_ConditionEvent: isWalking
    m_EventTreshold: 0
  - m_ConditionMode: 2
    m_ConditionEvent: isVictory
    m_EventTreshold: 0
  - m_ConditionMode: 2
    m_ConditionEvent: isWaving
    m_EventTreshold: 0
  - m_ConditionMode: 2
    m_ConditionEvent: isCastingSpell
    m_EventTreshold: 0
  - m_ConditionMode: 2
    m_ConditionEvent: isEnterExitDoor
    m_EventTreshold: 0
  m_DstStateMachine: {fileID: 0}
  m_DstState: {fileID: -8427455244098199550}
  m_Solo: 0
  m_Mute: 0
  m_IsExit: 0
  serializedVersion: 3
  m_TransitionDuration: 0.25
  m_TransitionOffset: 0
  m_ExitTime: 0.9375
  m_HasExitTime: 1
  m_HasFixedDuration: 1
  m_InterruptionSource: 0
  m_OrderedInterruption: 1
  m_CanTransitionToSelf: 1
--- !u!1101 &-6910116616573959059
AnimatorStateTransition:
  m_ObjectHideFlags: 3
  m_CorrespondingSourceObject: {fileID: 0}
  m_PrefabInstance: {fileID: 0}
  m_PrefabAsset: {fileID: 0}
  m_Name: 
  m_Conditions:
  - m_ConditionMode: 2
    m_ConditionEvent: isIdling
    m_EventTreshold: 0
  - m_ConditionMode: 1
    m_ConditionEvent: isCastingSpell
    m_EventTreshold: 0
  - m_ConditionMode: 2
    m_ConditionEvent: isWalking
    m_EventTreshold: 0
  - m_ConditionMode: 2
    m_ConditionEvent: isVictory
    m_EventTreshold: 0
  - m_ConditionMode: 2
    m_ConditionEvent: isInteracting
    m_EventTreshold: 0
  - m_ConditionMode: 2
    m_ConditionEvent: isWaving
    m_EventTreshold: 0
  - m_ConditionMode: 2
    m_ConditionEvent: isEnterExitDoor
    m_EventTreshold: 0
  m_DstStateMachine: {fileID: 0}
  m_DstState: {fileID: -952034095405588417}
  m_Solo: 0
  m_Mute: 0
  m_IsExit: 0
  serializedVersion: 3
  m_TransitionDuration: 0.25
  m_TransitionOffset: 0
  m_ExitTime: 0.9375
  m_HasExitTime: 1
  m_HasFixedDuration: 1
  m_InterruptionSource: 0
  m_OrderedInterruption: 1
  m_CanTransitionToSelf: 1
--- !u!1101 &-6822276614360006581
AnimatorStateTransition:
  m_ObjectHideFlags: 3
  m_CorrespondingSourceObject: {fileID: 0}
  m_PrefabInstance: {fileID: 0}
  m_PrefabAsset: {fileID: 0}
  m_Name: 
  m_Conditions:
  - m_ConditionMode: 1
    m_ConditionEvent: isIdling
    m_EventTreshold: 0
  - m_ConditionMode: 2
    m_ConditionEvent: isInteracting
    m_EventTreshold: 0
  - m_ConditionMode: 2
    m_ConditionEvent: isWalking
    m_EventTreshold: 0
  - m_ConditionMode: 2
    m_ConditionEvent: isVictory
    m_EventTreshold: 0
  - m_ConditionMode: 2
    m_ConditionEvent: isCastingSpell
    m_EventTreshold: 0
  - m_ConditionMode: 2
    m_ConditionEvent: isEnterExitDoor
    m_EventTreshold: 0
  - m_ConditionMode: 2
    m_ConditionEvent: isWaving
    m_EventTreshold: 0
  m_DstStateMachine: {fileID: 0}
  m_DstState: {fileID: 4349082688919321147}
  m_Solo: 0
  m_Mute: 0
  m_IsExit: 0
  serializedVersion: 3
  m_TransitionDuration: 0.25
  m_TransitionOffset: 0
  m_ExitTime: 0.9375
  m_HasExitTime: 1
  m_HasFixedDuration: 1
  m_InterruptionSource: 0
  m_OrderedInterruption: 1
  m_CanTransitionToSelf: 1
--- !u!1101 &-6733448375053566984
AnimatorStateTransition:
  m_ObjectHideFlags: 3
  m_CorrespondingSourceObject: {fileID: 0}
  m_PrefabInstance: {fileID: 0}
  m_PrefabAsset: {fileID: 0}
  m_Name: 
  m_Conditions:
  - m_ConditionMode: 1
    m_ConditionEvent: isIdling
    m_EventTreshold: 0
  - m_ConditionMode: 2
    m_ConditionEvent: isCastingSpell
    m_EventTreshold: 0
  - m_ConditionMode: 2
    m_ConditionEvent: isWalking
    m_EventTreshold: 0
  - m_ConditionMode: 2
    m_ConditionEvent: isVictory
    m_EventTreshold: 0
  - m_ConditionMode: 2
    m_ConditionEvent: isInteracting
    m_EventTreshold: 0
  - m_ConditionMode: 2
    m_ConditionEvent: isWaving
    m_EventTreshold: 0
  - m_ConditionMode: 2
    m_ConditionEvent: isEnterExitDoor
    m_EventTreshold: 0
  m_DstStateMachine: {fileID: 0}
  m_DstState: {fileID: 4349082688919321147}
  m_Solo: 0
  m_Mute: 0
  m_IsExit: 0
  serializedVersion: 3
  m_TransitionDuration: 0.25
  m_TransitionOffset: 0
  m_ExitTime: 0.9375
  m_HasExitTime: 1
  m_HasFixedDuration: 1
  m_InterruptionSource: 0
  m_OrderedInterruption: 1
  m_CanTransitionToSelf: 1
--- !u!1101 &-5994264895443013316
AnimatorStateTransition:
  m_ObjectHideFlags: 1
  m_CorrespondingSourceObject: {fileID: 0}
  m_PrefabInstance: {fileID: 0}
  m_PrefabAsset: {fileID: 0}
  m_Name: 
  m_Conditions:
  - m_ConditionMode: 2
    m_ConditionEvent: isIdling
    m_EventTreshold: 0
  - m_ConditionMode: 1
    m_ConditionEvent: isEnterExitDoor
    m_EventTreshold: 0
  - m_ConditionMode: 2
    m_ConditionEvent: isVictory
    m_EventTreshold: 0
  - m_ConditionMode: 2
    m_ConditionEvent: isWalking
    m_EventTreshold: 0
  - m_ConditionMode: 2
    m_ConditionEvent: isWaving
    m_EventTreshold: 0
  - m_ConditionMode: 2
    m_ConditionEvent: isInteracting
    m_EventTreshold: 0
  - m_ConditionMode: 2
    m_ConditionEvent: isCastingSpell
    m_EventTreshold: 0
  m_DstStateMachine: {fileID: 0}
  m_DstState: {fileID: 4968356971974719249}
  m_Solo: 0
  m_Mute: 0
  m_IsExit: 0
  serializedVersion: 3
  m_TransitionDuration: 0.25
  m_TransitionOffset: 0
  m_ExitTime: 0.9375
  m_HasExitTime: 1
  m_HasFixedDuration: 1
  m_InterruptionSource: 0
  m_OrderedInterruption: 1
  m_CanTransitionToSelf: 1
--- !u!1101 &-5607862161664922302
AnimatorStateTransition:
  m_ObjectHideFlags: 1
  m_CorrespondingSourceObject: {fileID: 0}
  m_PrefabInstance: {fileID: 0}
  m_PrefabAsset: {fileID: 0}
  m_Name: 
  m_Conditions:
  - m_ConditionMode: 1
    m_ConditionEvent: isWalking
    m_EventTreshold: 0
  - m_ConditionMode: 2
    m_ConditionEvent: isEnterExitDoor
    m_EventTreshold: 0
  - m_ConditionMode: 2
    m_ConditionEvent: isVictory
    m_EventTreshold: 0
  - m_ConditionMode: 2
    m_ConditionEvent: isInteracting
    m_EventTreshold: 0
  - m_ConditionMode: 2
    m_ConditionEvent: isWaving
    m_EventTreshold: 0
  - m_ConditionMode: 2
    m_ConditionEvent: isCastingSpell
    m_EventTreshold: 0
  - m_ConditionMode: 2
    m_ConditionEvent: isIdling
    m_EventTreshold: 0
  m_DstStateMachine: {fileID: 0}
  m_DstState: {fileID: 7925975076976519006}
  m_Solo: 0
  m_Mute: 0
  m_IsExit: 0
  serializedVersion: 3
  m_TransitionDuration: 0.25
  m_TransitionOffset: 0
  m_ExitTime: 0.9375
  m_HasExitTime: 1
  m_HasFixedDuration: 1
  m_InterruptionSource: 0
  m_OrderedInterruption: 1
  m_CanTransitionToSelf: 1
--- !u!1101 &-5196294785445386444
AnimatorStateTransition:
  m_ObjectHideFlags: 3
  m_CorrespondingSourceObject: {fileID: 0}
  m_PrefabInstance: {fileID: 0}
  m_PrefabAsset: {fileID: 0}
  m_Name: 
  m_Conditions:
  - m_ConditionMode: 1
    m_ConditionEvent: isIdling
    m_EventTreshold: 0
  - m_ConditionMode: 2
    m_ConditionEvent: isEnterExitDoor
    m_EventTreshold: 0
  - m_ConditionMode: 2
    m_ConditionEvent: isWalking
    m_EventTreshold: 0
  - m_ConditionMode: 2
    m_ConditionEvent: isVictory
    m_EventTreshold: 0
  - m_ConditionMode: 2
    m_ConditionEvent: isInteracting
    m_EventTreshold: 0
  - m_ConditionMode: 2
    m_ConditionEvent: isWaving
    m_EventTreshold: 0
  - m_ConditionMode: 2
    m_ConditionEvent: isCastingSpell
    m_EventTreshold: 0
  m_DstStateMachine: {fileID: 0}
  m_DstState: {fileID: 4349082688919321147}
  m_Solo: 0
  m_Mute: 0
  m_IsExit: 0
  serializedVersion: 3
  m_TransitionDuration: 0.25
  m_TransitionOffset: 0
  m_ExitTime: 0.9375
  m_HasExitTime: 1
  m_HasFixedDuration: 1
  m_InterruptionSource: 0
  m_OrderedInterruption: 1
  m_CanTransitionToSelf: 1
--- !u!1107 &-5178448247102435998
AnimatorStateMachine:
  serializedVersion: 5
  m_ObjectHideFlags: 1
  m_CorrespondingSourceObject: {fileID: 0}
  m_PrefabInstance: {fileID: 0}
  m_PrefabAsset: {fileID: 0}
  m_Name: Base Layer
  m_ChildStates:
  - serializedVersion: 1
    m_State: {fileID: -2406389942158644080}
    m_Position: {x: 290, y: 20, z: 0}
  - serializedVersion: 1
    m_State: {fileID: -476331624094395096}
    m_Position: {x: 290, y: -90, z: 0}
  - serializedVersion: 1
    m_State: {fileID: -9146379961683903038}
    m_Position: {x: 710, y: 160, z: 0}
  - serializedVersion: 1
    m_State: {fileID: -3489597663556611027}
    m_Position: {x: 170, y: 200, z: 0}
  - serializedVersion: 1
    m_State: {fileID: 4968356971974719249}
    m_Position: {x: 590, y: -130, z: 0}
  - serializedVersion: 1
    m_State: {fileID: 7925975076976519006}
    m_Position: {x: 730, y: 10, z: 0}
  - serializedVersion: 1
    m_State: {fileID: 5197362219026991708}
    m_Position: {x: 410, y: 200, z: 0}
  m_ChildStateMachines: []
  m_AnyStateTransitions: []
  m_EntryTransitions: []
  m_StateMachineTransitions: {}
  m_StateMachineBehaviours: []
  m_AnyStatePosition: {x: 50, y: 20, z: 0}
  m_EntryPosition: {x: 40, y: 120, z: 0}
  m_ExitPosition: {x: 960, y: 80, z: 0}
  m_ParentStateMachinePosition: {x: 800, y: 20, z: 0}
  m_DefaultState: {fileID: -2406389942158644080}
--- !u!1102 &-4781280780300448773
AnimatorState:
  serializedVersion: 5
  m_ObjectHideFlags: 3
  m_CorrespondingSourceObject: {fileID: 0}
  m_PrefabInstance: {fileID: 0}
  m_PrefabAsset: {fileID: 0}
  m_Name: WAVE
  m_Speed: 1
  m_CycleOffset: 0
  m_Transitions:
  - {fileID: -3483271836878595615}
  m_StateMachineBehaviours: []
  m_Position: {x: 50, y: 50, z: 0}
  m_IKOnFeet: 0
  m_WriteDefaultValues: 1
  m_Mirror: 0
  m_SpeedParameterActive: 0
  m_MirrorParameterActive: 0
  m_CycleOffsetParameterActive: 0
  m_TimeParameterActive: 0
  m_Motion: {fileID: 1827226128182048838, guid: 15f03db845d0e744f90069a78a668d86,
    type: 3}
  m_Tag: 
  m_SpeedParameter: 
  m_MirrorParameter: 
  m_CycleOffsetParameter: 
  m_TimeParameter: 
--- !u!1101 &-4750172776061331418
AnimatorStateTransition:
  m_ObjectHideFlags: 3
  m_CorrespondingSourceObject: {fileID: 0}
  m_PrefabInstance: {fileID: 0}
  m_PrefabAsset: {fileID: 0}
  m_Name: 
  m_Conditions:
  - m_ConditionMode: 2
    m_ConditionEvent: isIdling
    m_EventTreshold: 0
  - m_ConditionMode: 1
    m_ConditionEvent: isVictory
    m_EventTreshold: 0
  - m_ConditionMode: 2
    m_ConditionEvent: isWalking
    m_EventTreshold: 0
  - m_ConditionMode: 2
    m_ConditionEvent: isCastingSpell
    m_EventTreshold: 0
  - m_ConditionMode: 2
    m_ConditionEvent: isInteracting
    m_EventTreshold: 0
  - m_ConditionMode: 2
    m_ConditionEvent: isWaving
    m_EventTreshold: 0
  - m_ConditionMode: 2
    m_ConditionEvent: isEnterExitDoor
    m_EventTreshold: 0
  m_DstStateMachine: {fileID: 0}
  m_DstState: {fileID: -7736305793883525180}
  m_Solo: 0
  m_Mute: 0
  m_IsExit: 0
  serializedVersion: 3
  m_TransitionDuration: 0.25
  m_TransitionOffset: 0
  m_ExitTime: 0.9375
  m_HasExitTime: 1
  m_HasFixedDuration: 1
  m_InterruptionSource: 0
  m_OrderedInterruption: 1
  m_CanTransitionToSelf: 1
--- !u!1102 &-3851029060427113881
AnimatorState:
  serializedVersion: 5
  m_ObjectHideFlags: 3
  m_CorrespondingSourceObject: {fileID: 0}
  m_PrefabInstance: {fileID: 0}
  m_PrefabAsset: {fileID: 0}
  m_Name: WALK
  m_Speed: 1
  m_CycleOffset: 0
  m_Transitions:
  - {fileID: 4427200016796735838}
  - {fileID: 7955178392597593602}
  - {fileID: -3370240556545150113}
  m_StateMachineBehaviours: []
  m_Position: {x: 50, y: 50, z: 0}
  m_IKOnFeet: 0
  m_WriteDefaultValues: 1
  m_Mirror: 0
  m_SpeedParameterActive: 0
  m_MirrorParameterActive: 0
  m_CycleOffsetParameterActive: 0
  m_TimeParameterActive: 0
  m_Motion: {fileID: 1827226128182048838, guid: c0cc5b03271c6b44fa6b258439f6ef36,
    type: 3}
  m_Tag: 
  m_SpeedParameter: 
  m_MirrorParameter: 
  m_CycleOffsetParameter: 
  m_TimeParameter: 
--- !u!1102 &-3489597663556611027
AnimatorState:
  serializedVersion: 5
  m_ObjectHideFlags: 1
  m_CorrespondingSourceObject: {fileID: 0}
  m_PrefabInstance: {fileID: 0}
  m_PrefabAsset: {fileID: 0}
  m_Name: VICTORY
  m_Speed: 1
  m_CycleOffset: 0
  m_Transitions:
  - {fileID: 9162236618908851603}
  m_StateMachineBehaviours: []
  m_Position: {x: 50, y: 50, z: 0}
  m_IKOnFeet: 0
  m_WriteDefaultValues: 1
  m_Mirror: 0
  m_SpeedParameterActive: 0
  m_MirrorParameterActive: 0
  m_CycleOffsetParameterActive: 0
  m_TimeParameterActive: 0
  m_Motion: {fileID: 1827226128182048838, guid: a52c98d900a4c0e4e8e421d5eef425a1,
    type: 3}
  m_Tag: 
  m_SpeedParameter: 
  m_MirrorParameter: 
  m_CycleOffsetParameter: 
  m_TimeParameter: 
--- !u!1101 &-3483271836878595615
AnimatorStateTransition:
  m_ObjectHideFlags: 3
  m_CorrespondingSourceObject: {fileID: 0}
  m_PrefabInstance: {fileID: 0}
  m_PrefabAsset: {fileID: 0}
  m_Name: 
  m_Conditions:
  - m_ConditionMode: 1
    m_ConditionEvent: isIdling
    m_EventTreshold: 0
  - m_ConditionMode: 2
    m_ConditionEvent: isWaving
    m_EventTreshold: 0
  - m_ConditionMode: 2
    m_ConditionEvent: isWalking
    m_EventTreshold: 0
  - m_ConditionMode: 2
    m_ConditionEvent: isVictory
    m_EventTreshold: 0
  - m_ConditionMode: 2
    m_ConditionEvent: isInteracting
    m_EventTreshold: 0
  - m_ConditionMode: 2
    m_ConditionEvent: isCastingSpell
    m_EventTreshold: 0
  - m_ConditionMode: 2
    m_ConditionEvent: isEnterExitDoor
    m_EventTreshold: 0
  m_DstStateMachine: {fileID: 0}
  m_DstState: {fileID: 4349082688919321147}
  m_Solo: 0
  m_Mute: 0
  m_IsExit: 0
  serializedVersion: 3
  m_TransitionDuration: 0.25
  m_TransitionOffset: 0
  m_ExitTime: 0.9375
  m_HasExitTime: 1
  m_HasFixedDuration: 1
  m_InterruptionSource: 0
  m_OrderedInterruption: 1
  m_CanTransitionToSelf: 1
--- !u!1101 &-3370240556545150113
AnimatorStateTransition:
  m_ObjectHideFlags: 3
  m_CorrespondingSourceObject: {fileID: 0}
  m_PrefabInstance: {fileID: 0}
  m_PrefabAsset: {fileID: 0}
  m_Name: 
  m_Conditions:
  - m_ConditionMode: 2
    m_ConditionEvent: isWalking
    m_EventTreshold: 0
  - m_ConditionMode: 1
    m_ConditionEvent: isCastingSpell
    m_EventTreshold: 0
  - m_ConditionMode: 2
    m_ConditionEvent: isVictory
    m_EventTreshold: 0
  - m_ConditionMode: 2
    m_ConditionEvent: isInteracting
    m_EventTreshold: 0
  - m_ConditionMode: 2
    m_ConditionEvent: isWaving
    m_EventTreshold: 0
  - m_ConditionMode: 2
    m_ConditionEvent: isEnterExitDoor
    m_EventTreshold: 0
  - m_ConditionMode: 2
    m_ConditionEvent: isIdling
    m_EventTreshold: 0
  m_DstStateMachine: {fileID: 0}
  m_DstState: {fileID: -952034095405588417}
  m_Solo: 0
  m_Mute: 0
  m_IsExit: 0
  serializedVersion: 3
  m_TransitionDuration: 0.25
  m_TransitionOffset: 0
  m_ExitTime: 0.875
  m_HasExitTime: 1
  m_HasFixedDuration: 1
  m_InterruptionSource: 0
  m_OrderedInterruption: 1
  m_CanTransitionToSelf: 1
--- !u!1101 &-3328052065830890915
AnimatorStateTransition:
  m_ObjectHideFlags: 3
  m_CorrespondingSourceObject: {fileID: 0}
  m_PrefabInstance: {fileID: 0}
  m_PrefabAsset: {fileID: 0}
  m_Name: 
  m_Conditions:
  - m_ConditionMode: 2
    m_ConditionEvent: isIdling
    m_EventTreshold: 0
  - m_ConditionMode: 1
    m_ConditionEvent: isWalking
    m_EventTreshold: 0
  - m_ConditionMode: 2
    m_ConditionEvent: isVictory
    m_EventTreshold: 0
  - m_ConditionMode: 2
    m_ConditionEvent: isInteracting
    m_EventTreshold: 0
  - m_ConditionMode: 2
    m_ConditionEvent: isWaving
    m_EventTreshold: 0
  - m_ConditionMode: 2
    m_ConditionEvent: isCastingSpell
    m_EventTreshold: 0
  - m_ConditionMode: 2
    m_ConditionEvent: isEnterExitDoor
    m_EventTreshold: 0
  m_DstStateMachine: {fileID: 0}
  m_DstState: {fileID: -3851029060427113881}
  m_Solo: 0
  m_Mute: 0
  m_IsExit: 0
  serializedVersion: 3
  m_TransitionDuration: 0.25
  m_TransitionOffset: 0
  m_ExitTime: 0.9375
  m_HasExitTime: 0
  m_HasFixedDuration: 1
  m_InterruptionSource: 0
  m_OrderedInterruption: 1
  m_CanTransitionToSelf: 1
--- !u!1101 &-2420838324305920743
AnimatorStateTransition:
  m_ObjectHideFlags: 3
  m_CorrespondingSourceObject: {fileID: 0}
  m_PrefabInstance: {fileID: 0}
  m_PrefabAsset: {fileID: 0}
  m_Name: 
  m_Conditions:
  - m_ConditionMode: 1
    m_ConditionEvent: isWalking
    m_EventTreshold: 0
  - m_ConditionMode: 2
    m_ConditionEvent: isCastingSpell
    m_EventTreshold: 0
  - m_ConditionMode: 2
    m_ConditionEvent: isVictory
    m_EventTreshold: 0
  - m_ConditionMode: 2
    m_ConditionEvent: isInteracting
    m_EventTreshold: 0
  - m_ConditionMode: 2
    m_ConditionEvent: isWaving
    m_EventTreshold: 0
  - m_ConditionMode: 2
    m_ConditionEvent: isEnterExitDoor
    m_EventTreshold: 0
  - m_ConditionMode: 2
    m_ConditionEvent: isIdling
    m_EventTreshold: 0
  m_DstStateMachine: {fileID: 0}
  m_DstState: {fileID: -3851029060427113881}
  m_Solo: 0
  m_Mute: 0
  m_IsExit: 0
  serializedVersion: 3
  m_TransitionDuration: 0.25
  m_TransitionOffset: 0
  m_ExitTime: 0.9375
  m_HasExitTime: 0
  m_HasFixedDuration: 0
  m_InterruptionSource: 0
  m_OrderedInterruption: 1
  m_CanTransitionToSelf: 1
--- !u!1102 &-2406389942158644080
AnimatorState:
  serializedVersion: 5
  m_ObjectHideFlags: 1
  m_CorrespondingSourceObject: {fileID: 0}
  m_PrefabInstance: {fileID: 0}
  m_PrefabAsset: {fileID: 0}
  m_Name: IDLE
  m_Speed: 1
  m_CycleOffset: 0
  m_Transitions:
  - {fileID: -7637899963094796329}
  - {fileID: 4912634292292494742}
  - {fileID: -1335231680501272600}
  - {fileID: 5745999868906360564}
  - {fileID: 5112108647621021895}
  - {fileID: -5994264895443013316}
  m_StateMachineBehaviours: []
  m_Position: {x: 50, y: 50, z: 0}
  m_IKOnFeet: 0
  m_WriteDefaultValues: 1
  m_Mirror: 0
  m_SpeedParameterActive: 0
  m_MirrorParameterActive: 0
  m_CycleOffsetParameterActive: 0
  m_TimeParameterActive: 0
  m_Motion: {fileID: 1827226128182048838, guid: 68da9171e98d41644a595a0c1a564d0e,
    type: 3}
  m_Tag: 
  m_SpeedParameter: 
  m_MirrorParameter: 
  m_CycleOffsetParameter: 
  m_TimeParameter: 
--- !u!1101 &-2378022168830445081
AnimatorStateTransition:
  m_ObjectHideFlags: 3
  m_CorrespondingSourceObject: {fileID: 0}
  m_PrefabInstance: {fileID: 0}
  m_PrefabAsset: {fileID: 0}
  m_Name: 
  m_Conditions:
  - m_ConditionMode: 1
    m_ConditionEvent: isIdling
    m_EventTreshold: 0
  - m_ConditionMode: 2
    m_ConditionEvent: isVictory
    m_EventTreshold: 0
  - m_ConditionMode: 2
    m_ConditionEvent: isInteracting
    m_EventTreshold: 0
  - m_ConditionMode: 2
    m_ConditionEvent: isWalking
    m_EventTreshold: 0
  - m_ConditionMode: 2
    m_ConditionEvent: isWaving
    m_EventTreshold: 0
  - m_ConditionMode: 2
    m_ConditionEvent: isEnterExitDoor
    m_EventTreshold: 0
  - m_ConditionMode: 2
    m_ConditionEvent: isCastingSpell
    m_EventTreshold: 0
  m_DstStateMachine: {fileID: 0}
  m_DstState: {fileID: 4349082688919321147}
  m_Solo: 0
  m_Mute: 0
  m_IsExit: 0
  serializedVersion: 3
  m_TransitionDuration: 0.25
  m_TransitionOffset: 0
  m_ExitTime: 0.9375
  m_HasExitTime: 1
  m_HasFixedDuration: 1
  m_InterruptionSource: 0
  m_OrderedInterruption: 1
  m_CanTransitionToSelf: 1
--- !u!1101 &-1335231680501272600
AnimatorStateTransition:
  m_ObjectHideFlags: 1
  m_CorrespondingSourceObject: {fileID: 0}
  m_PrefabInstance: {fileID: 0}
  m_PrefabAsset: {fileID: 0}
  m_Name: 
  m_Conditions:
  - m_ConditionMode: 2
    m_ConditionEvent: isIdling
    m_EventTreshold: 0
  - m_ConditionMode: 1
    m_ConditionEvent: isVictory
    m_EventTreshold: 0
  - m_ConditionMode: 2
    m_ConditionEvent: isWalking
    m_EventTreshold: 0
  - m_ConditionMode: 2
    m_ConditionEvent: isCastingSpell
    m_EventTreshold: 0
  - m_ConditionMode: 2
    m_ConditionEvent: isInteracting
    m_EventTreshold: 0
  - m_ConditionMode: 2
    m_ConditionEvent: isWaving
    m_EventTreshold: 0
  - m_ConditionMode: 2
    m_ConditionEvent: isEnterExitDoor
    m_EventTreshold: 0
  m_DstStateMachine: {fileID: 0}
  m_DstState: {fileID: -3489597663556611027}
  m_Solo: 0
  m_Mute: 0
  m_IsExit: 0
  serializedVersion: 3
  m_TransitionDuration: 0.25
  m_TransitionOffset: 0
  m_ExitTime: 0.9375
  m_HasExitTime: 1
  m_HasFixedDuration: 1
  m_InterruptionSource: 0
  m_OrderedInterruption: 1
  m_CanTransitionToSelf: 1
--- !u!1101 &-974908346128700406
AnimatorStateTransition:
  m_ObjectHideFlags: 3
  m_CorrespondingSourceObject: {fileID: 0}
  m_PrefabInstance: {fileID: 0}
  m_PrefabAsset: {fileID: 0}
  m_Name: 
  m_Conditions:
  - m_ConditionMode: 1
    m_ConditionEvent: isWalking
    m_EventTreshold: 0
  - m_ConditionMode: 2
    m_ConditionEvent: isEnterExitDoor
    m_EventTreshold: 0
  - m_ConditionMode: 2
    m_ConditionEvent: isVictory
    m_EventTreshold: 0
  - m_ConditionMode: 2
    m_ConditionEvent: isInteracting
    m_EventTreshold: 0
  - m_ConditionMode: 2
    m_ConditionEvent: isWaving
    m_EventTreshold: 0
  - m_ConditionMode: 2
    m_ConditionEvent: isCastingSpell
    m_EventTreshold: 0
  - m_ConditionMode: 2
    m_ConditionEvent: isIdling
    m_EventTreshold: 0
  m_DstStateMachine: {fileID: 0}
  m_DstState: {fileID: -3851029060427113881}
  m_Solo: 0
  m_Mute: 0
  m_IsExit: 0
  serializedVersion: 3
  m_TransitionDuration: 0.25
  m_TransitionOffset: 0
  m_ExitTime: 0.9375
  m_HasExitTime: 1
  m_HasFixedDuration: 1
  m_InterruptionSource: 0
  m_OrderedInterruption: 1
  m_CanTransitionToSelf: 1
--- !u!1102 &-952034095405588417
AnimatorState:
  serializedVersion: 5
  m_ObjectHideFlags: 3
  m_CorrespondingSourceObject: {fileID: 0}
  m_PrefabInstance: {fileID: 0}
  m_PrefabAsset: {fileID: 0}
  m_Name: SPELL
  m_Speed: 1
  m_CycleOffset: 0
  m_Transitions:
  - {fileID: -2420838324305920743}
  - {fileID: -6733448375053566984}
  m_StateMachineBehaviours: []
  m_Position: {x: 50, y: 50, z: 0}
  m_IKOnFeet: 0
  m_WriteDefaultValues: 1
  m_Mirror: 0
  m_SpeedParameterActive: 0
  m_MirrorParameterActive: 0
  m_CycleOffsetParameterActive: 0
  m_TimeParameterActive: 0
  m_Motion: {fileID: 1827226128182048838, guid: 8053eb69cbc57754b9bcb7995646216e,
    type: 3}
  m_Tag: 
  m_SpeedParameter: 
  m_MirrorParameter: 
  m_CycleOffsetParameter: 
  m_TimeParameter: 
--- !u!1102 &-476331624094395096
AnimatorState:
  serializedVersion: 5
  m_ObjectHideFlags: 1
  m_CorrespondingSourceObject: {fileID: 0}
  m_PrefabInstance: {fileID: 0}
  m_PrefabAsset: {fileID: 0}
  m_Name: INTERACTION
  m_Speed: 1
  m_CycleOffset: 0
  m_Transitions:
  - {fileID: -350961693627690794}
  m_StateMachineBehaviours: []
  m_Position: {x: 50, y: 50, z: 0}
  m_IKOnFeet: 0
  m_WriteDefaultValues: 1
  m_Mirror: 0
  m_SpeedParameterActive: 0
  m_MirrorParameterActive: 0
  m_CycleOffsetParameterActive: 0
  m_TimeParameterActive: 0
  m_Motion: {fileID: 1827226128182048838, guid: 6415c3cec24c5a649b493bd09158036a,
    type: 3}
  m_Tag: 
  m_SpeedParameter: 
  m_MirrorParameter: 
  m_CycleOffsetParameter: 
  m_TimeParameter: 
--- !u!1101 &-350961693627690794
AnimatorStateTransition:
  m_ObjectHideFlags: 1
  m_CorrespondingSourceObject: {fileID: 0}
  m_PrefabInstance: {fileID: 0}
  m_PrefabAsset: {fileID: 0}
  m_Name: 
  m_Conditions:
  - m_ConditionMode: 1
    m_ConditionEvent: isIdling
    m_EventTreshold: 0
  - m_ConditionMode: 2
    m_ConditionEvent: isInteracting
    m_EventTreshold: 0
  - m_ConditionMode: 2
    m_ConditionEvent: isWalking
    m_EventTreshold: 0
  - m_ConditionMode: 2
    m_ConditionEvent: isVictory
    m_EventTreshold: 0
  - m_ConditionMode: 2
    m_ConditionEvent: isCastingSpell
    m_EventTreshold: 0
  - m_ConditionMode: 2
    m_ConditionEvent: isEnterExitDoor
    m_EventTreshold: 0
  - m_ConditionMode: 2
    m_ConditionEvent: isWaving
    m_EventTreshold: 0
  m_DstStateMachine: {fileID: 0}
  m_DstState: {fileID: -2406389942158644080}
  m_Solo: 0
  m_Mute: 0
  m_IsExit: 0
  serializedVersion: 3
  m_TransitionDuration: 0.25
  m_TransitionOffset: 0
  m_ExitTime: 0.9375
  m_HasExitTime: 1
  m_HasFixedDuration: 1
  m_InterruptionSource: 0
  m_OrderedInterruption: 1
  m_CanTransitionToSelf: 1
--- !u!91 &9100000
AnimatorController:
  m_ObjectHideFlags: 0
  m_CorrespondingSourceObject: {fileID: 0}
  m_PrefabInstance: {fileID: 0}
  m_PrefabAsset: {fileID: 0}
  m_Name: Player
  serializedVersion: 5
  m_AnimatorParameters:
  - m_Name: isWalking
    m_Type: 4
    m_DefaultFloat: 0
    m_DefaultInt: 0
    m_DefaultBool: 0
    m_Controller: {fileID: 0}
  - m_Name: isVictory
    m_Type: 4
    m_DefaultFloat: 0
    m_DefaultInt: 0
    m_DefaultBool: 0
    m_Controller: {fileID: 0}
  - m_Name: isInteracting
    m_Type: 4
    m_DefaultFloat: 0
    m_DefaultInt: 0
    m_DefaultBool: 0
    m_Controller: {fileID: 0}
  - m_Name: isWaving
    m_Type: 4
    m_DefaultFloat: 0
    m_DefaultInt: 0
    m_DefaultBool: 0
    m_Controller: {fileID: 0}
  - m_Name: isCastingSpell
    m_Type: 4
    m_DefaultFloat: 0
    m_DefaultInt: 0
    m_DefaultBool: 0
    m_Controller: {fileID: 0}
  - m_Name: isEnterExitDoor
    m_Type: 4
    m_DefaultFloat: 0
    m_DefaultInt: 0
    m_DefaultBool: 0
    m_Controller: {fileID: 0}
  - m_Name: isIdling
    m_Type: 4
    m_DefaultFloat: 0
    m_DefaultInt: 0
    m_DefaultBool: 0
    m_Controller: {fileID: 0}
  m_AnimatorLayers:
  - serializedVersion: 5
    m_Name: Base Layer
    m_StateMachine: {fileID: -5178448247102435998}
    m_Mask: {fileID: 0}
    m_Motions: []
    m_Behaviours: []
    m_BlendingMode: 0
    m_SyncedLayerIndex: -1
    m_DefaultWeight: 0
    m_IKPass: 0
    m_SyncedLayerAffectsTiming: 0
    m_Controller: {fileID: 9100000}
--- !u!1101 &507675506641321859
AnimatorStateTransition:
  m_ObjectHideFlags: 1
  m_CorrespondingSourceObject: {fileID: 0}
  m_PrefabInstance: {fileID: 0}
  m_PrefabAsset: {fileID: 0}
  m_Name: 
  m_Conditions:
  - m_ConditionMode: 1
    m_ConditionEvent: isIdling
    m_EventTreshold: 0
  - m_ConditionMode: 2
    m_ConditionEvent: isWaving
    m_EventTreshold: 0
  - m_ConditionMode: 2
    m_ConditionEvent: isWalking
    m_EventTreshold: 0
  - m_ConditionMode: 2
    m_ConditionEvent: isVictory
    m_EventTreshold: 0
  - m_ConditionMode: 2
    m_ConditionEvent: isInteracting
    m_EventTreshold: 0
  - m_ConditionMode: 2
    m_ConditionEvent: isCastingSpell
    m_EventTreshold: 0
  - m_ConditionMode: 2
    m_ConditionEvent: isEnterExitDoor
    m_EventTreshold: 0
  m_DstStateMachine: {fileID: 0}
  m_DstState: {fileID: -2406389942158644080}
  m_Solo: 0
  m_Mute: 0
  m_IsExit: 0
  serializedVersion: 3
  m_TransitionDuration: 0.25
  m_TransitionOffset: 0
  m_ExitTime: 0.9375
  m_HasExitTime: 1
  m_HasFixedDuration: 1
  m_InterruptionSource: 0
  m_OrderedInterruption: 1
  m_CanTransitionToSelf: 1
--- !u!1101 &741567201315192938
AnimatorStateTransition:
  m_ObjectHideFlags: 1
  m_CorrespondingSourceObject: {fileID: 0}
  m_PrefabInstance: {fileID: 0}
  m_PrefabAsset: {fileID: 0}
  m_Name: 
  m_Conditions:
  - m_ConditionMode: 1
    m_ConditionEvent: isIdling
    m_EventTreshold: 0
  - m_ConditionMode: 2
    m_ConditionEvent: isWalking
    m_EventTreshold: 0
  - m_ConditionMode: 2
    m_ConditionEvent: isVictory
    m_EventTreshold: 0
  - m_ConditionMode: 2
    m_ConditionEvent: isInteracting
    m_EventTreshold: 0
  - m_ConditionMode: 2
    m_ConditionEvent: isCastingSpell
    m_EventTreshold: 0
  - m_ConditionMode: 2
    m_ConditionEvent: isEnterExitDoor
    m_EventTreshold: 0
  - m_ConditionMode: 2
    m_ConditionEvent: isWaving
    m_EventTreshold: 0
  m_DstStateMachine: {fileID: 0}
  m_DstState: {fileID: -2406389942158644080}
  m_Solo: 0
  m_Mute: 0
  m_IsExit: 0
  serializedVersion: 3
  m_TransitionDuration: 0.25
  m_TransitionOffset: 0
  m_ExitTime: 0.875
  m_HasExitTime: 0
  m_HasFixedDuration: 1
  m_InterruptionSource: 0
  m_OrderedInterruption: 1
  m_CanTransitionToSelf: 1
--- !u!1101 &2179147942612179161
AnimatorStateTransition:
  m_ObjectHideFlags: 1
  m_CorrespondingSourceObject: {fileID: 0}
  m_PrefabInstance: {fileID: 0}
  m_PrefabAsset: {fileID: 0}
  m_Name: 
  m_Conditions:
  - m_ConditionMode: 1
    m_ConditionEvent: isIdling
    m_EventTreshold: 0
  - m_ConditionMode: 2
    m_ConditionEvent: isEnterExitDoor
    m_EventTreshold: 0
  - m_ConditionMode: 2
    m_ConditionEvent: isWalking
    m_EventTreshold: 0
  - m_ConditionMode: 2
    m_ConditionEvent: isVictory
    m_EventTreshold: 0
  - m_ConditionMode: 2
    m_ConditionEvent: isInteracting
    m_EventTreshold: 0
  - m_ConditionMode: 2
    m_ConditionEvent: isWaving
    m_EventTreshold: 0
  - m_ConditionMode: 2
    m_ConditionEvent: isCastingSpell
    m_EventTreshold: 0
  m_DstStateMachine: {fileID: 0}
  m_DstState: {fileID: -2406389942158644080}
  m_Solo: 0
  m_Mute: 0
  m_IsExit: 0
  serializedVersion: 3
  m_TransitionDuration: 0.25
  m_TransitionOffset: 0
  m_ExitTime: 0.9375
  m_HasExitTime: 1
  m_HasFixedDuration: 1
  m_InterruptionSource: 0
  m_OrderedInterruption: 1
  m_CanTransitionToSelf: 1
--- !u!1101 &2941402498758127896
AnimatorStateTransition:
  m_ObjectHideFlags: 1
  m_CorrespondingSourceObject: {fileID: 0}
  m_PrefabInstance: {fileID: 0}
  m_PrefabAsset: {fileID: 0}
  m_Name: 
  m_Conditions:
  - m_ConditionMode: 2
    m_ConditionEvent: isWalking
    m_EventTreshold: 0
  - m_ConditionMode: 1
    m_ConditionEvent: isCastingSpell
    m_EventTreshold: 0
  - m_ConditionMode: 2
    m_ConditionEvent: isVictory
    m_EventTreshold: 0
  - m_ConditionMode: 2
    m_ConditionEvent: isInteracting
    m_EventTreshold: 0
  - m_ConditionMode: 2
    m_ConditionEvent: isWaving
    m_EventTreshold: 0
  - m_ConditionMode: 2
    m_ConditionEvent: isEnterExitDoor
    m_EventTreshold: 0
  - m_ConditionMode: 2
    m_ConditionEvent: isIdling
    m_EventTreshold: 0
  m_DstStateMachine: {fileID: 0}
  m_DstState: {fileID: -9146379961683903038}
  m_Solo: 0
  m_Mute: 0
  m_IsExit: 0
  serializedVersion: 3
  m_TransitionDuration: 0.25
  m_TransitionOffset: 0
  m_ExitTime: 0.875
  m_HasExitTime: 1
  m_HasFixedDuration: 1
  m_InterruptionSource: 0
  m_OrderedInterruption: 1
  m_CanTransitionToSelf: 1
--- !u!1102 &4349082688919321147
AnimatorState:
  serializedVersion: 5
  m_ObjectHideFlags: 3
  m_CorrespondingSourceObject: {fileID: 0}
  m_PrefabInstance: {fileID: 0}
  m_PrefabAsset: {fileID: 0}
  m_Name: IDLE
  m_Speed: 1
  m_CycleOffset: 0
  m_Transitions:
  - {fileID: -7577560165394470662}
  - {fileID: -7774144582853125434}
  - {fileID: -3328052065830890915}
  - {fileID: -6910116616573959059}
  - {fileID: 7011493014040411897}
  - {fileID: -4750172776061331418}
  m_StateMachineBehaviours: []
  m_Position: {x: 50, y: 50, z: 0}
  m_IKOnFeet: 0
  m_WriteDefaultValues: 1
  m_Mirror: 0
  m_SpeedParameterActive: 0
  m_MirrorParameterActive: 0
  m_CycleOffsetParameterActive: 0
  m_TimeParameterActive: 0
  m_Motion: {fileID: 1827226128182048838, guid: 68da9171e98d41644a595a0c1a564d0e,
    type: 3}
  m_Tag: 
  m_SpeedParameter: 
  m_MirrorParameter: 
  m_CycleOffsetParameter: 
  m_TimeParameter: 
--- !u!1101 &4427200016796735838
AnimatorStateTransition:
  m_ObjectHideFlags: 3
  m_CorrespondingSourceObject: {fileID: 0}
  m_PrefabInstance: {fileID: 0}
  m_PrefabAsset: {fileID: 0}
  m_Name: 
  m_Conditions:
  - m_ConditionMode: 1
    m_ConditionEvent: isIdling
    m_EventTreshold: 0
  - m_ConditionMode: 2
    m_ConditionEvent: isWalking
    m_EventTreshold: 0
  - m_ConditionMode: 2
    m_ConditionEvent: isVictory
    m_EventTreshold: 0
  - m_ConditionMode: 2
    m_ConditionEvent: isInteracting
    m_EventTreshold: 0
  - m_ConditionMode: 2
    m_ConditionEvent: isCastingSpell
    m_EventTreshold: 0
  - m_ConditionMode: 2
    m_ConditionEvent: isEnterExitDoor
    m_EventTreshold: 0
  - m_ConditionMode: 2
    m_ConditionEvent: isWaving
    m_EventTreshold: 0
  m_DstStateMachine: {fileID: 0}
  m_DstState: {fileID: 4349082688919321147}
  m_Solo: 0
  m_Mute: 0
  m_IsExit: 0
  serializedVersion: 3
  m_TransitionDuration: 0.25
  m_TransitionOffset: 0
  m_ExitTime: 0.875
  m_HasExitTime: 0
  m_HasFixedDuration: 1
  m_InterruptionSource: 0
  m_OrderedInterruption: 1
  m_CanTransitionToSelf: 1
--- !u!206 &4578850122526902371
BlendTree:
  m_ObjectHideFlags: 1
  m_CorrespondingSourceObject: {fileID: 0}
  m_PrefabInstance: {fileID: 0}
  m_PrefabAsset: {fileID: 0}
  m_Name: Blend Tree
  m_Childs: []
  m_BlendParameter: Blend
  m_BlendParameterY: Blend
  m_MinThreshold: 0
  m_MaxThreshold: 1
  m_UseAutomaticThresholds: 1
  m_NormalizedBlendValues: 0
  m_BlendType: 0
--- !u!1101 &4912634292292494742
AnimatorStateTransition:
  m_ObjectHideFlags: 1
  m_CorrespondingSourceObject: {fileID: 0}
  m_PrefabInstance: {fileID: 0}
  m_PrefabAsset: {fileID: 0}
  m_Name: 
  m_Conditions:
  - m_ConditionMode: 2
    m_ConditionEvent: isIdling
    m_EventTreshold: 0
  - m_ConditionMode: 1
    m_ConditionEvent: isInteracting
    m_EventTreshold: 0
  - m_ConditionMode: 2
    m_ConditionEvent: isWalking
    m_EventTreshold: 0
  - m_ConditionMode: 2
    m_ConditionEvent: isVictory
    m_EventTreshold: 0
  - m_ConditionMode: 2
    m_ConditionEvent: isWaving
    m_EventTreshold: 0
  - m_ConditionMode: 2
    m_ConditionEvent: isCastingSpell
    m_EventTreshold: 0
  - m_ConditionMode: 2
    m_ConditionEvent: isEnterExitDoor
    m_EventTreshold: 0
  m_DstStateMachine: {fileID: 0}
  m_DstState: {fileID: -476331624094395096}
  m_Solo: 0
  m_Mute: 0
  m_IsExit: 0
  serializedVersion: 3
  m_TransitionDuration: 0.25
  m_TransitionOffset: 0
  m_ExitTime: 0.9375
  m_HasExitTime: 1
  m_HasFixedDuration: 1
  m_InterruptionSource: 0
  m_OrderedInterruption: 1
  m_CanTransitionToSelf: 1
--- !u!1102 &4968356971974719249
AnimatorState:
  serializedVersion: 5
  m_ObjectHideFlags: 1
  m_CorrespondingSourceObject: {fileID: 0}
  m_PrefabInstance: {fileID: 0}
  m_PrefabAsset: {fileID: 0}
  m_Name: DOOR
  m_Speed: 1
  m_CycleOffset: 0
  m_Transitions:
  - {fileID: -5607862161664922302}
  - {fileID: 2179147942612179161}
  m_StateMachineBehaviours: []
  m_Position: {x: 50, y: 50, z: 0}
  m_IKOnFeet: 0
  m_WriteDefaultValues: 1
  m_Mirror: 0
  m_SpeedParameterActive: 0
  m_MirrorParameterActive: 0
  m_CycleOffsetParameterActive: 0
  m_TimeParameterActive: 0
  m_Motion: {fileID: 1827226128182048838, guid: a52c98d900a4c0e4e8e421d5eef425a1,
    type: 3}
  m_Tag: 
  m_SpeedParameter: 
  m_MirrorParameter: 
  m_CycleOffsetParameter: 
  m_TimeParameter: 
--- !u!1101 &5112108647621021895
AnimatorStateTransition:
  m_ObjectHideFlags: 1
  m_CorrespondingSourceObject: {fileID: 0}
  m_PrefabInstance: {fileID: 0}
  m_PrefabAsset: {fileID: 0}
  m_Name: 
  m_Conditions:
  - m_ConditionMode: 2
    m_ConditionEvent: isIdling
    m_EventTreshold: 0
  - m_ConditionMode: 1
    m_ConditionEvent: isWaving
    m_EventTreshold: 0
  - m_ConditionMode: 2
    m_ConditionEvent: isWalking
    m_EventTreshold: 0
  - m_ConditionMode: 2
    m_ConditionEvent: isVictory
    m_EventTreshold: 0
  - m_ConditionMode: 2
    m_ConditionEvent: isInteracting
    m_EventTreshold: 0
  - m_ConditionMode: 2
    m_ConditionEvent: isCastingSpell
    m_EventTreshold: 0
  - m_ConditionMode: 2
    m_ConditionEvent: isEnterExitDoor
    m_EventTreshold: 0
  m_DstStateMachine: {fileID: 0}
  m_DstState: {fileID: 5197362219026991708}
  m_Solo: 0
  m_Mute: 0
  m_IsExit: 0
  serializedVersion: 3
  m_TransitionDuration: 0.25
  m_TransitionOffset: 0
  m_ExitTime: 0.9375
  m_HasExitTime: 1
  m_HasFixedDuration: 1
  m_InterruptionSource: 0
  m_OrderedInterruption: 1
  m_CanTransitionToSelf: 1
--- !u!1102 &5197362219026991708
AnimatorState:
  serializedVersion: 5
  m_ObjectHideFlags: 1
  m_CorrespondingSourceObject: {fileID: 0}
  m_PrefabInstance: {fileID: 0}
  m_PrefabAsset: {fileID: 0}
  m_Name: WAVE
  m_Speed: 1
  m_CycleOffset: 0
  m_Transitions:
  - {fileID: 507675506641321859}
  m_StateMachineBehaviours: []
  m_Position: {x: 50, y: 50, z: 0}
  m_IKOnFeet: 0
  m_WriteDefaultValues: 1
  m_Mirror: 0
  m_SpeedParameterActive: 0
  m_MirrorParameterActive: 0
  m_CycleOffsetParameterActive: 0
  m_TimeParameterActive: 0
  m_Motion: {fileID: 1827226128182048838, guid: 15f03db845d0e744f90069a78a668d86,
    type: 3}
  m_Tag: 
  m_SpeedParameter: 
  m_MirrorParameter: 
  m_CycleOffsetParameter: 
  m_TimeParameter: 
--- !u!1101 &5745999868906360564
AnimatorStateTransition:
  m_ObjectHideFlags: 1
  m_CorrespondingSourceObject: {fileID: 0}
  m_PrefabInstance: {fileID: 0}
  m_PrefabAsset: {fileID: 0}
  m_Name: 
  m_Conditions:
  - m_ConditionMode: 2
    m_ConditionEvent: isIdling
    m_EventTreshold: 0
  - m_ConditionMode: 1
    m_ConditionEvent: isCastingSpell
    m_EventTreshold: 0
  - m_ConditionMode: 2
    m_ConditionEvent: isWalking
    m_EventTreshold: 0
  - m_ConditionMode: 2
    m_ConditionEvent: isVictory
    m_EventTreshold: 0
  - m_ConditionMode: 2
    m_ConditionEvent: isInteracting
    m_EventTreshold: 0
  - m_ConditionMode: 2
    m_ConditionEvent: isWaving
    m_EventTreshold: 0
  - m_ConditionMode: 2
    m_ConditionEvent: isEnterExitDoor
    m_EventTreshold: 0
  m_DstStateMachine: {fileID: 0}
  m_DstState: {fileID: -9146379961683903038}
  m_Solo: 0
  m_Mute: 0
  m_IsExit: 0
  serializedVersion: 3
  m_TransitionDuration: 0.25
  m_TransitionOffset: 0
  m_ExitTime: 0.9375
  m_HasExitTime: 1
  m_HasFixedDuration: 1
  m_InterruptionSource: 0
  m_OrderedInterruption: 1
  m_CanTransitionToSelf: 1
--- !u!1101 &6161923247494370403
AnimatorStateTransition:
  m_ObjectHideFlags: 1
  m_CorrespondingSourceObject: {fileID: 0}
  m_PrefabInstance: {fileID: 0}
  m_PrefabAsset: {fileID: 0}
  m_Name: 
  m_Conditions:
  - m_ConditionMode: 1
    m_ConditionEvent: isIdling
    m_EventTreshold: 0
  - m_ConditionMode: 2
    m_ConditionEvent: isCastingSpell
    m_EventTreshold: 0
  - m_ConditionMode: 2
    m_ConditionEvent: isWalking
    m_EventTreshold: 0
  - m_ConditionMode: 2
    m_ConditionEvent: isVictory
    m_EventTreshold: 0
  - m_ConditionMode: 2
    m_ConditionEvent: isInteracting
    m_EventTreshold: 0
  - m_ConditionMode: 2
    m_ConditionEvent: isWaving
    m_EventTreshold: 0
  - m_ConditionMode: 2
    m_ConditionEvent: isEnterExitDoor
    m_EventTreshold: 0
  m_DstStateMachine: {fileID: 0}
  m_DstState: {fileID: -2406389942158644080}
  m_Solo: 0
  m_Mute: 0
  m_IsExit: 0
  serializedVersion: 3
  m_TransitionDuration: 0.25
  m_TransitionOffset: 0
  m_ExitTime: 0.9375
  m_HasExitTime: 1
  m_HasFixedDuration: 1
  m_InterruptionSource: 0
  m_OrderedInterruption: 1
  m_CanTransitionToSelf: 1
--- !u!1101 &7011493014040411897
AnimatorStateTransition:
  m_ObjectHideFlags: 3
  m_CorrespondingSourceObject: {fileID: 0}
  m_PrefabInstance: {fileID: 0}
  m_PrefabAsset: {fileID: 0}
  m_Name: 
  m_Conditions:
  - m_ConditionMode: 2
    m_ConditionEvent: isIdling
    m_EventTreshold: 0
  - m_ConditionMode: 1
    m_ConditionEvent: isWaving
    m_EventTreshold: 0
  - m_ConditionMode: 2
    m_ConditionEvent: isWalking
    m_EventTreshold: 0
  - m_ConditionMode: 2
    m_ConditionEvent: isVictory
    m_EventTreshold: 0
  - m_ConditionMode: 2
    m_ConditionEvent: isInteracting
    m_EventTreshold: 0
  - m_ConditionMode: 2
    m_ConditionEvent: isCastingSpell
    m_EventTreshold: 0
  - m_ConditionMode: 2
    m_ConditionEvent: isEnterExitDoor
    m_EventTreshold: 0
  m_DstStateMachine: {fileID: 0}
  m_DstState: {fileID: -4781280780300448773}
  m_Solo: 0
  m_Mute: 0
  m_IsExit: 0
  serializedVersion: 3
  m_TransitionDuration: 0.25
  m_TransitionOffset: 0
  m_ExitTime: 0.9375
  m_HasExitTime: 1
  m_HasFixedDuration: 1
  m_InterruptionSource: 0
  m_OrderedInterruption: 1
  m_CanTransitionToSelf: 1
--- !u!1102 &7925975076976519006
AnimatorState:
  serializedVersion: 5
  m_ObjectHideFlags: 1
  m_CorrespondingSourceObject: {fileID: 0}
  m_PrefabInstance: {fileID: 0}
  m_PrefabAsset: {fileID: 0}
  m_Name: WALK
  m_Speed: 1
  m_CycleOffset: 0
  m_Transitions:
  - {fileID: 741567201315192938}
  - {fileID: 8576935445335859596}
  - {fileID: 2941402498758127896}
  m_StateMachineBehaviours: []
  m_Position: {x: 50, y: 50, z: 0}
  m_IKOnFeet: 0
  m_WriteDefaultValues: 1
  m_Mirror: 0
  m_SpeedParameterActive: 0
  m_MirrorParameterActive: 0
  m_CycleOffsetParameterActive: 0
  m_TimeParameterActive: 0
  m_Motion: {fileID: 1827226128182048838, guid: c0cc5b03271c6b44fa6b258439f6ef36,
    type: 3}
  m_Tag: 
  m_SpeedParameter: 
  m_MirrorParameter: 
  m_CycleOffsetParameter: 
  m_TimeParameter: 
--- !u!1101 &7955178392597593602
AnimatorStateTransition:
  m_ObjectHideFlags: 3
  m_CorrespondingSourceObject: {fileID: 0}
  m_PrefabInstance: {fileID: 0}
  m_PrefabAsset: {fileID: 0}
  m_Name: 
  m_Conditions:
  - m_ConditionMode: 2
    m_ConditionEvent: isWalking
    m_EventTreshold: 0
  - m_ConditionMode: 1
    m_ConditionEvent: isEnterExitDoor
    m_EventTreshold: 0
  - m_ConditionMode: 2
    m_ConditionEvent: isVictory
    m_EventTreshold: 0
  - m_ConditionMode: 2
    m_ConditionEvent: isInteracting
    m_EventTreshold: 0
  - m_ConditionMode: 2
    m_ConditionEvent: isWaving
    m_EventTreshold: 0
  - m_ConditionMode: 2
    m_ConditionEvent: isCastingSpell
    m_EventTreshold: 0
  - m_ConditionMode: 2
    m_ConditionEvent: isIdling
    m_EventTreshold: 0
  m_DstStateMachine: {fileID: 0}
  m_DstState: {fileID: -8865976025500731034}
  m_Solo: 0
  m_Mute: 0
  m_IsExit: 0
  serializedVersion: 3
  m_TransitionDuration: 0.25
  m_TransitionOffset: 0
  m_ExitTime: 0.875
  m_HasExitTime: 1
  m_HasFixedDuration: 1
  m_InterruptionSource: 0
  m_OrderedInterruption: 1
  m_CanTransitionToSelf: 1
--- !u!1101 &8576935445335859596
AnimatorStateTransition:
  m_ObjectHideFlags: 1
  m_CorrespondingSourceObject: {fileID: 0}
  m_PrefabInstance: {fileID: 0}
  m_PrefabAsset: {fileID: 0}
  m_Name: 
  m_Conditions:
  - m_ConditionMode: 2
    m_ConditionEvent: isWalking
    m_EventTreshold: 0
  - m_ConditionMode: 1
    m_ConditionEvent: isEnterExitDoor
    m_EventTreshold: 0
  - m_ConditionMode: 2
    m_ConditionEvent: isVictory
    m_EventTreshold: 0
  - m_ConditionMode: 2
    m_ConditionEvent: isInteracting
    m_EventTreshold: 0
  - m_ConditionMode: 2
    m_ConditionEvent: isWaving
    m_EventTreshold: 0
  - m_ConditionMode: 2
    m_ConditionEvent: isCastingSpell
    m_EventTreshold: 0
  - m_ConditionMode: 2
    m_ConditionEvent: isIdling
    m_EventTreshold: 0
  m_DstStateMachine: {fileID: 0}
  m_DstState: {fileID: 4968356971974719249}
  m_Solo: 0
  m_Mute: 0
  m_IsExit: 0
  serializedVersion: 3
  m_TransitionDuration: 0.25
  m_TransitionOffset: 0
  m_ExitTime: 0.875
  m_HasExitTime: 1
  m_HasFixedDuration: 1
  m_InterruptionSource: 0
  m_OrderedInterruption: 1
  m_CanTransitionToSelf: 1
--- !u!1101 &8691733908974232942
AnimatorStateTransition:
  m_ObjectHideFlags: 1
  m_CorrespondingSourceObject: {fileID: 0}
  m_PrefabInstance: {fileID: 0}
  m_PrefabAsset: {fileID: 0}
  m_Name: 
  m_Conditions:
  - m_ConditionMode: 1
    m_ConditionEvent: isWalking
    m_EventTreshold: 0
  - m_ConditionMode: 2
    m_ConditionEvent: isCastingSpell
    m_EventTreshold: 0
  - m_ConditionMode: 2
    m_ConditionEvent: isVictory
    m_EventTreshold: 0
  - m_ConditionMode: 2
    m_ConditionEvent: isInteracting
    m_EventTreshold: 0
  - m_ConditionMode: 2
    m_ConditionEvent: isWaving
    m_EventTreshold: 0
  - m_ConditionMode: 2
    m_ConditionEvent: isEnterExitDoor
    m_EventTreshold: 0
  - m_ConditionMode: 2
    m_ConditionEvent: isIdling
    m_EventTreshold: 0
  m_DstStateMachine: {fileID: 0}
  m_DstState: {fileID: 7925975076976519006}
  m_Solo: 0
  m_Mute: 0
  m_IsExit: 0
  serializedVersion: 3
  m_TransitionDuration: 0.25
  m_TransitionOffset: 0
  m_ExitTime: 0.9375
  m_HasExitTime: 0
  m_HasFixedDuration: 0
  m_InterruptionSource: 0
  m_OrderedInterruption: 1
  m_CanTransitionToSelf: 1
--- !u!1101 &9162236618908851603
AnimatorStateTransition:
  m_ObjectHideFlags: 1
  m_CorrespondingSourceObject: {fileID: 0}
  m_PrefabInstance: {fileID: 0}
  m_PrefabAsset: {fileID: 0}
  m_Name: 
  m_Conditions:
  - m_ConditionMode: 1
    m_ConditionEvent: isIdling
    m_EventTreshold: 0
  - m_ConditionMode: 2
    m_ConditionEvent: isVictory
    m_EventTreshold: 0
  - m_ConditionMode: 2
    m_ConditionEvent: isInteracting
    m_EventTreshold: 0
  - m_ConditionMode: 2
    m_ConditionEvent: isWalking
    m_EventTreshold: 0
  - m_ConditionMode: 2
    m_ConditionEvent: isWaving
    m_EventTreshold: 0
  - m_ConditionMode: 2
    m_ConditionEvent: isEnterExitDoor
    m_EventTreshold: 0
  - m_ConditionMode: 2
    m_ConditionEvent: isCastingSpell
    m_EventTreshold: 0
  m_DstStateMachine: {fileID: 0}
  m_DstState: {fileID: -2406389942158644080}
  m_Solo: 0
  m_Mute: 0
  m_IsExit: 0
  serializedVersion: 3
  m_TransitionDuration: 0.25
  m_TransitionOffset: 0
  m_ExitTime: 0.9375
  m_HasExitTime: 1
  m_HasFixedDuration: 1
  m_InterruptionSource: 0
  m_OrderedInterruption: 1
  m_CanTransitionToSelf: 1
