%YAML 1.1
%TAG !u! tag:unity3d.com,2011:
--- !u!1 &11810041618612401
GameObject:
  m_ObjectHideFlags: 0
  m_CorrespondingSourceObject: {fileID: 0}
  m_PrefabInstance: {fileID: 0}
  m_PrefabAsset: {fileID: 0}
  serializedVersion: 6
  m_Component:
  - component: {fileID: 11810041618613071}
  - component: {fileID: 11810041618613070}
  m_Layer: 0
  m_Name: test_shogi puzzle
  m_TagString: Untagged
  m_Icon: {fileID: 0}
  m_NavMeshLayer: 0
  m_StaticEditorFlags: 0
  m_IsActive: 1
--- !u!4 &11810041618613071
Transform:
  m_ObjectHideFlags: 0
  m_CorrespondingSourceObject: {fileID: 0}
  m_PrefabInstance: {fileID: 0}
  m_PrefabAsset: {fileID: 0}
  m_GameObject: {fileID: 11810041618612401}
  m_LocalRotation: {x: 0, y: 0.7071068, z: 0, w: 0.7071068}
  m_LocalPosition: {x: 0, y: 0.0654, z: 0}
  m_LocalScale: {x: 1, y: 1, z: 1}
  m_Children:
  - {fileID: 8136366264373393511}
  - {fileID: 5761837399733473460}
  m_Father: {fileID: 0}
  m_RootOrder: 0
  m_LocalEulerAnglesHint: {x: 0, y: 90, z: 0}
--- !u!114 &11810041618613070
MonoBehaviour:
  m_ObjectHideFlags: 0
  m_CorrespondingSourceObject: {fileID: 0}
  m_PrefabInstance: {fileID: 0}
  m_PrefabAsset: {fileID: 0}
  m_GameObject: {fileID: 11810041618612401}
  m_Enabled: 1
  m_EditorHideFlags: 0
  m_Script: {fileID: 11500000, guid: 9dbdef5a8e06b074c88a97653773743f, type: 3}
  m_Name: 
  m_EditorClassIdentifier: 
  miniPuzzleComplete: 0
  switches: []
--- !u!1001 &1119337317222414306
PrefabInstance:
  m_ObjectHideFlags: 0
  serializedVersion: 2
  m_Modification:
    m_TransformParent: {fileID: 11810041618613071}
    m_Modifications:
    - target: {fileID: 131921742557732030, guid: 5a146ca84f9a4c547af0eef1c1d8676c,
        type: 3}
      propertyPath: m_Name
      value: test_shogi weight switch
      objectReference: {fileID: 0}
    - target: {fileID: 4276030051997636353, guid: 5a146ca84f9a4c547af0eef1c1d8676c,
        type: 3}
      propertyPath: direction
      value: 1
      objectReference: {fileID: 0}
    - target: {fileID: 9179041232848146309, guid: 5a146ca84f9a4c547af0eef1c1d8676c,
        type: 3}
      propertyPath: m_LocalPosition.x
      value: -4.297
      objectReference: {fileID: 0}
    - target: {fileID: 9179041232848146309, guid: 5a146ca84f9a4c547af0eef1c1d8676c,
        type: 3}
      propertyPath: m_LocalPosition.y
      value: -1.27
      objectReference: {fileID: 0}
    - target: {fileID: 9179041232848146309, guid: 5a146ca84f9a4c547af0eef1c1d8676c,
        type: 3}
      propertyPath: m_LocalPosition.z
      value: 3.0525
      objectReference: {fileID: 0}
    - target: {fileID: 9179041232848146309, guid: 5a146ca84f9a4c547af0eef1c1d8676c,
        type: 3}
      propertyPath: m_LocalRotation.x
      value: 0
      objectReference: {fileID: 0}
    - target: {fileID: 9179041232848146309, guid: 5a146ca84f9a4c547af0eef1c1d8676c,
        type: 3}
      propertyPath: m_LocalRotation.z
      value: 0
      objectReference: {fileID: 0}
    - target: {fileID: 9179041232848146309, guid: 5a146ca84f9a4c547af0eef1c1d8676c,
        type: 3}
      propertyPath: m_RootOrder
      value: 0
      objectReference: {fileID: 0}
    - target: {fileID: 9179041232848146309, guid: 5a146ca84f9a4c547af0eef1c1d8676c,
        type: 3}
      propertyPath: m_LocalEulerAnglesHint.x
      value: 0
      objectReference: {fileID: 0}
    - target: {fileID: 9179041232848146309, guid: 5a146ca84f9a4c547af0eef1c1d8676c,
        type: 3}
      propertyPath: m_LocalEulerAnglesHint.y
      value: 0
      objectReference: {fileID: 0}
    - target: {fileID: 9179041232848146309, guid: 5a146ca84f9a4c547af0eef1c1d8676c,
        type: 3}
      propertyPath: m_LocalEulerAnglesHint.z
      value: 0
      objectReference: {fileID: 0}
    - target: {fileID: 9179041232848146309, guid: 5a146ca84f9a4c547af0eef1c1d8676c,
        type: 3}
      propertyPath: m_LocalScale.x
      value: 1.2811
      objectReference: {fileID: 0}
    - target: {fileID: 9179041232848146309, guid: 5a146ca84f9a4c547af0eef1c1d8676c,
        type: 3}
      propertyPath: m_LocalScale.y
      value: 1.2811
      objectReference: {fileID: 0}
    - target: {fileID: 9179041232848146309, guid: 5a146ca84f9a4c547af0eef1c1d8676c,
        type: 3}
      propertyPath: m_LocalScale.z
      value: 1.2811
      objectReference: {fileID: 0}
    m_RemovedComponents: []
  m_SourcePrefab: {fileID: 100100000, guid: 5a146ca84f9a4c547af0eef1c1d8676c, type: 3}
--- !u!4 &8136366264373393511 stripped
Transform:
  m_CorrespondingSourceObject: {fileID: 9179041232848146309, guid: 5a146ca84f9a4c547af0eef1c1d8676c,
    type: 3}
  m_PrefabInstance: {fileID: 1119337317222414306}
  m_PrefabAsset: {fileID: 0}
--- !u!1001 &8051336042458612452
PrefabInstance:
  m_ObjectHideFlags: 0
  serializedVersion: 2
  m_Modification:
    m_TransformParent: {fileID: 11810041618613071}
    m_Modifications:
    - target: {fileID: 2326742454875132496, guid: 7cd514dbc6d8056489da5c37b2c2e54f,
        type: 3}
      propertyPath: m_LocalPosition.x
      value: 0
      objectReference: {fileID: 0}
    - target: {fileID: 2326742454875132496, guid: 7cd514dbc6d8056489da5c37b2c2e54f,
        type: 3}
      propertyPath: m_LocalPosition.y
      value: -0.36
      objectReference: {fileID: 0}
    - target: {fileID: 2326742454875132496, guid: 7cd514dbc6d8056489da5c37b2c2e54f,
        type: 3}
      propertyPath: m_LocalPosition.z
      value: 0
      objectReference: {fileID: 0}
    - target: {fileID: 2326742454875132496, guid: 7cd514dbc6d8056489da5c37b2c2e54f,
        type: 3}
      propertyPath: m_LocalRotation.x
      value: 0
      objectReference: {fileID: 0}
    - target: {fileID: 2326742454875132496, guid: 7cd514dbc6d8056489da5c37b2c2e54f,
        type: 3}
      propertyPath: m_LocalRotation.z
      value: 0
      objectReference: {fileID: 0}
    - target: {fileID: 2326742454875132496, guid: 7cd514dbc6d8056489da5c37b2c2e54f,
        type: 3}
      propertyPath: m_RootOrder
      value: 1
      objectReference: {fileID: 0}
    - target: {fileID: 2326742454875132496, guid: 7cd514dbc6d8056489da5c37b2c2e54f,
        type: 3}
      propertyPath: m_LocalEulerAnglesHint.x
      value: 0
      objectReference: {fileID: 0}
    - target: {fileID: 2326742454875132496, guid: 7cd514dbc6d8056489da5c37b2c2e54f,
        type: 3}
      propertyPath: m_LocalEulerAnglesHint.y
      value: 0
      objectReference: {fileID: 0}
    - target: {fileID: 2326742454875132496, guid: 7cd514dbc6d8056489da5c37b2c2e54f,
        type: 3}
      propertyPath: m_LocalEulerAnglesHint.z
      value: 0
      objectReference: {fileID: 0}
    - target: {fileID: 2326742454875132496, guid: 7cd514dbc6d8056489da5c37b2c2e54f,
        type: 3}
      propertyPath: m_LocalScale.x
      value: 2.6522205
      objectReference: {fileID: 0}
    - target: {fileID: 2326742454875132496, guid: 7cd514dbc6d8056489da5c37b2c2e54f,
        type: 3}
      propertyPath: m_LocalScale.y
      value: 4.9588547
      objectReference: {fileID: 0}
    - target: {fileID: 2326742454875132496, guid: 7cd514dbc6d8056489da5c37b2c2e54f,
        type: 3}
      propertyPath: m_LocalScale.z
      value: 2.6522205
      objectReference: {fileID: 0}
    - target: {fileID: 5141955751089946026, guid: 7cd514dbc6d8056489da5c37b2c2e54f,
        type: 3}
      propertyPath: m_Name
      value: test_shogi piece
      objectReference: {fileID: 0}
    - target: {fileID: 6637569221996043486, guid: 7cd514dbc6d8056489da5c37b2c2e54f,
        type: 3}
      propertyPath: direction
      value: 1
      objectReference: {fileID: 0}
    m_RemovedComponents: []
  m_SourcePrefab: {fileID: 100100000, guid: 7cd514dbc6d8056489da5c37b2c2e54f, type: 3}
--- !u!4 &5761837399733473460 stripped
Transform:
  m_CorrespondingSourceObject: {fileID: 2326742454875132496, guid: 7cd514dbc6d8056489da5c37b2c2e54f,
    type: 3}
  m_PrefabInstance: {fileID: 8051336042458612452}
  m_PrefabAsset: {fileID: 0}
