%YAML 1.1
%TAG !u! tag:unity3d.com,2011:
--- !u!1 &974935158
GameObject:
  m_ObjectHideFlags: 0
  m_CorrespondingSourceObject: {fileID: 0}
  m_PrefabInstance: {fileID: 0}
  m_PrefabAsset: {fileID: 0}
  serializedVersion: 6
  m_Component:
  - component: {fileID: 974935159}
  - component: {fileID: 974935162}
  - component: {fileID: 974935161}
  - component: {fileID: 974935160}
  m_Layer: 0
  m_Name: glow orb (1)
  m_TagString: Untagged
  m_Icon: {fileID: 0}
  m_NavMeshLayer: 0
  m_StaticEditorFlags: 0
  m_IsActive: 0
--- !u!4 &974935159
Transform:
  m_ObjectHideFlags: 0
  m_CorrespondingSourceObject: {fileID: 0}
  m_PrefabInstance: {fileID: 0}
  m_PrefabAsset: {fileID: 0}
  m_GameObject: {fileID: 974935158}
  m_LocalRotation: {x: -0, y: 1, z: -0, w: 0}
  m_LocalPosition: {x: 0.011829717, y: 0.08355, z: -0.0023479394}
  m_LocalScale: {x: 0.015000004, y: 0.014999999, z: 0.015000004}
  m_Children: []
  m_Father: {fileID: 610753146247664414}
  m_RootOrder: 12
  m_LocalEulerAnglesHint: {x: 0, y: 0, z: 0}
--- !u!33 &974935162
MeshFilter:
  m_ObjectHideFlags: 0
  m_CorrespondingSourceObject: {fileID: 0}
  m_PrefabInstance: {fileID: 0}
  m_PrefabAsset: {fileID: 0}
  m_GameObject: {fileID: 974935158}
  m_Mesh: {fileID: 10207, guid: 0000000000000000e000000000000000, type: 0}
--- !u!23 &974935161
MeshRenderer:
  m_ObjectHideFlags: 0
  m_CorrespondingSourceObject: {fileID: 0}
  m_PrefabInstance: {fileID: 0}
  m_PrefabAsset: {fileID: 0}
  m_GameObject: {fileID: 974935158}
  m_Enabled: 1
  m_CastShadows: 1
  m_ReceiveShadows: 1
  m_DynamicOccludee: 1
  m_MotionVectors: 1
  m_LightProbeUsage: 1
  m_ReflectionProbeUsage: 1
  m_RayTracingMode: 2
  m_RenderingLayerMask: 1
  m_RendererPriority: 0
  m_Materials:
  - {fileID: 2100000, guid: 2a57fc7ad4d878c4a878ea7a8f6b6be2, type: 2}
  m_StaticBatchInfo:
    firstSubMesh: 0
    subMeshCount: 0
  m_StaticBatchRoot: {fileID: 0}
  m_ProbeAnchor: {fileID: 0}
  m_LightProbeVolumeOverride: {fileID: 0}
  m_ScaleInLightmap: 1
  m_ReceiveGI: 1
  m_PreserveUVs: 0
  m_IgnoreNormalsForChartDetection: 0
  m_ImportantGI: 0
  m_StitchLightmapSeams: 1
  m_SelectedEditorRenderState: 3
  m_MinimumChartSize: 4
  m_AutoUVMaxDistance: 0.5
  m_AutoUVMaxAngle: 89
  m_LightmapParameters: {fileID: 0}
  m_SortingLayerID: 0
  m_SortingLayer: 0
  m_SortingOrder: 0
--- !u!135 &974935160
SphereCollider:
  m_ObjectHideFlags: 0
  m_CorrespondingSourceObject: {fileID: 0}
  m_PrefabInstance: {fileID: 0}
  m_PrefabAsset: {fileID: 0}
  m_GameObject: {fileID: 974935158}
  m_Material: {fileID: 0}
  m_IsTrigger: 0
  m_Enabled: 1
  serializedVersion: 2
  m_Radius: 0.5
  m_Center: {x: 0.0000076293945, y: 0, z: -0.0000038146973}
--- !u!1 &1774633667
GameObject:
  m_ObjectHideFlags: 0
  m_CorrespondingSourceObject: {fileID: 0}
  m_PrefabInstance: {fileID: 0}
  m_PrefabAsset: {fileID: 0}
  serializedVersion: 6
  m_Component:
  - component: {fileID: 1774633668}
  - component: {fileID: 1774633670}
  - component: {fileID: 1774633669}
  m_Layer: 0
  m_Name: Tearealm_Bonsai (1)
  m_TagString: Untagged
  m_Icon: {fileID: 0}
  m_NavMeshLayer: 0
  m_StaticEditorFlags: 0
  m_IsActive: 1
--- !u!4 &1774633668
Transform:
  m_ObjectHideFlags: 0
  m_CorrespondingSourceObject: {fileID: 0}
  m_PrefabInstance: {fileID: 0}
  m_PrefabAsset: {fileID: 0}
  m_GameObject: {fileID: 1774633667}
  m_LocalRotation: {x: -0, y: -0.5758347, z: -0, w: 0.81756616}
  m_LocalPosition: {x: -0.0301, y: 0.085889, z: 0.0738}
  m_LocalScale: {x: 0.017569734, y: 0.019485842, z: 0.014539489}
  m_Children: []
  m_Father: {fileID: 610753146247664414}
  m_RootOrder: 13
  m_LocalEulerAnglesHint: {x: 0, y: -70.316, z: 0}
--- !u!33 &1774633670
MeshFilter:
  m_ObjectHideFlags: 0
  m_CorrespondingSourceObject: {fileID: 0}
  m_PrefabInstance: {fileID: 0}
  m_PrefabAsset: {fileID: 0}
  m_GameObject: {fileID: 1774633667}
  m_Mesh: {fileID: 8241505846553636565, guid: f2ba056da519cdf40bc3f485d2ee70b8, type: 3}
--- !u!23 &1774633669
MeshRenderer:
  m_ObjectHideFlags: 0
  m_CorrespondingSourceObject: {fileID: 0}
  m_PrefabInstance: {fileID: 0}
  m_PrefabAsset: {fileID: 0}
  m_GameObject: {fileID: 1774633667}
  m_Enabled: 1
  m_CastShadows: 1
  m_ReceiveShadows: 1
  m_DynamicOccludee: 1
  m_MotionVectors: 1
  m_LightProbeUsage: 1
  m_ReflectionProbeUsage: 1
  m_RayTracingMode: 2
  m_RenderingLayerMask: 1
  m_RendererPriority: 0
  m_Materials:
  - {fileID: 2100000, guid: 4f004bc6c202d2a44b88252aada985d7, type: 2}
  m_StaticBatchInfo:
    firstSubMesh: 0
    subMeshCount: 0
  m_StaticBatchRoot: {fileID: 0}
  m_ProbeAnchor: {fileID: 0}
  m_LightProbeVolumeOverride: {fileID: 0}
  m_ScaleInLightmap: 1
  m_ReceiveGI: 1
  m_PreserveUVs: 0
  m_IgnoreNormalsForChartDetection: 0
  m_ImportantGI: 0
  m_StitchLightmapSeams: 1
  m_SelectedEditorRenderState: 3
  m_MinimumChartSize: 4
  m_AutoUVMaxDistance: 0.5
  m_AutoUVMaxAngle: 89
  m_LightmapParameters: {fileID: 0}
  m_SortingLayerID: 0
  m_SortingLayer: 0
  m_SortingOrder: 0
--- !u!64 &1171292265434738812
MeshCollider:
  m_ObjectHideFlags: 0
  m_CorrespondingSourceObject: {fileID: 0}
  m_PrefabInstance: {fileID: 0}
  m_PrefabAsset: {fileID: 0}
  m_GameObject: {fileID: 8236619476550998587}
  m_Material: {fileID: 0}
  m_IsTrigger: 0
  m_Enabled: 1
  serializedVersion: 4
  m_Convex: 1
  m_CookingOptions: 30
  m_Mesh: {fileID: -1875525788924679269, guid: a458435e7d6c64f458dde256c3834fe4, type: 3}
--- !u!114 &7289683448939434004
MonoBehaviour:
  m_ObjectHideFlags: 0
  m_CorrespondingSourceObject: {fileID: 0}
  m_PrefabInstance: {fileID: 0}
  m_PrefabAsset: {fileID: 0}
  m_GameObject: {fileID: 8236619476550998587}
  m_Enabled: 1
  m_EditorHideFlags: 0
  m_Script: {fileID: 11500000, guid: 838004ef0648e7d4d9f1aeb93097f645, type: 3}
  m_Name: 
  m_EditorClassIdentifier: 
  miniPuzzleComplete: 0
  skipRegisterObject: 0
  puzzle: {fileID: 0}
--- !u!64 &5876116450263511310
MeshCollider:
  m_ObjectHideFlags: 0
  m_CorrespondingSourceObject: {fileID: 0}
  m_PrefabInstance: {fileID: 0}
  m_PrefabAsset: {fileID: 0}
  m_GameObject: {fileID: 5462791728964161059}
  m_Material: {fileID: 0}
  m_IsTrigger: 0
  m_Enabled: 1
  serializedVersion: 4
  m_Convex: 0
  m_CookingOptions: 30
  m_Mesh: {fileID: 7993741089222359053, guid: eca93beb7f32ed44aa9feb45c1c45301, type: 3}
--- !u!64 &5293834806694829689
MeshCollider:
  m_ObjectHideFlags: 0
  m_CorrespondingSourceObject: {fileID: 0}
  m_PrefabInstance: {fileID: 0}
  m_PrefabAsset: {fileID: 0}
  m_GameObject: {fileID: 2992964590913862046}
  m_Material: {fileID: 0}
  m_IsTrigger: 0
  m_Enabled: 1
  serializedVersion: 4
  m_Convex: 0
  m_CookingOptions: 30
  m_Mesh: {fileID: 7993741089222359053, guid: eca93beb7f32ed44aa9feb45c1c45301, type: 3}
--- !u!1 &6707138189366738063
GameObject:
  m_ObjectHideFlags: 0
  m_CorrespondingSourceObject: {fileID: 0}
  m_PrefabInstance: {fileID: 0}
  m_PrefabAsset: {fileID: 0}
  serializedVersion: 6
  m_Component:
  - component: {fileID: 6707138189366738062}
  - component: {fileID: 6707138189366738067}
  - component: {fileID: 6707138189366738060}
  - component: {fileID: 6707138189366738061}
  m_Layer: 0
  m_Name: glow orb (1)
  m_TagString: Untagged
  m_Icon: {fileID: 0}
  m_NavMeshLayer: 0
  m_StaticEditorFlags: 0
  m_IsActive: 0
--- !u!4 &6707138189366738062
Transform:
  m_ObjectHideFlags: 0
  m_CorrespondingSourceObject: {fileID: 0}
  m_PrefabInstance: {fileID: 0}
  m_PrefabAsset: {fileID: 0}
  m_GameObject: {fileID: 6707138189366738063}
  m_LocalRotation: {x: -0, y: 1, z: -0, w: 0}
  m_LocalPosition: {x: 0.046835784, y: 0.1108, z: -0.014121269}
  m_LocalScale: {x: 0.015000004, y: 0.014999999, z: 0.015000004}
  m_Children: []
  m_Father: {fileID: 610753146247664414}
  m_RootOrder: 16
  m_LocalEulerAnglesHint: {x: 0, y: 0, z: 0}
--- !u!33 &6707138189366738067
MeshFilter:
  m_ObjectHideFlags: 0
  m_CorrespondingSourceObject: {fileID: 0}
  m_PrefabInstance: {fileID: 0}
  m_PrefabAsset: {fileID: 0}
  m_GameObject: {fileID: 6707138189366738063}
  m_Mesh: {fileID: 10207, guid: 0000000000000000e000000000000000, type: 0}
--- !u!23 &6707138189366738060
MeshRenderer:
  m_ObjectHideFlags: 0
  m_CorrespondingSourceObject: {fileID: 0}
  m_PrefabInstance: {fileID: 0}
  m_PrefabAsset: {fileID: 0}
  m_GameObject: {fileID: 6707138189366738063}
  m_Enabled: 1
  m_CastShadows: 1
  m_ReceiveShadows: 1
  m_DynamicOccludee: 1
  m_MotionVectors: 1
  m_LightProbeUsage: 1
  m_ReflectionProbeUsage: 1
  m_RayTracingMode: 2
  m_RenderingLayerMask: 1
  m_RendererPriority: 0
  m_Materials:
  - {fileID: 2100000, guid: 2a57fc7ad4d878c4a878ea7a8f6b6be2, type: 2}
  m_StaticBatchInfo:
    firstSubMesh: 0
    subMeshCount: 0
  m_StaticBatchRoot: {fileID: 0}
  m_ProbeAnchor: {fileID: 0}
  m_LightProbeVolumeOverride: {fileID: 0}
  m_ScaleInLightmap: 1
  m_ReceiveGI: 1
  m_PreserveUVs: 0
  m_IgnoreNormalsForChartDetection: 0
  m_ImportantGI: 0
  m_StitchLightmapSeams: 1
  m_SelectedEditorRenderState: 3
  m_MinimumChartSize: 4
  m_AutoUVMaxDistance: 0.5
  m_AutoUVMaxAngle: 89
  m_LightmapParameters: {fileID: 0}
  m_SortingLayerID: 0
  m_SortingLayer: 0
  m_SortingOrder: 0
--- !u!135 &6707138189366738061
SphereCollider:
  m_ObjectHideFlags: 0
  m_CorrespondingSourceObject: {fileID: 0}
  m_PrefabInstance: {fileID: 0}
  m_PrefabAsset: {fileID: 0}
  m_GameObject: {fileID: 6707138189366738063}
  m_Material: {fileID: 0}
  m_IsTrigger: 0
  m_Enabled: 1
  serializedVersion: 2
  m_Radius: 0.5
  m_Center: {x: 0.0000076293945, y: 0, z: -0.0000038146973}
--- !u!64 &4190363044585410720
MeshCollider:
  m_ObjectHideFlags: 0
  m_CorrespondingSourceObject: {fileID: 0}
  m_PrefabInstance: {fileID: 0}
  m_PrefabAsset: {fileID: 0}
  m_GameObject: {fileID: 3939105886451207889}
  m_Material: {fileID: 0}
  m_IsTrigger: 0
  m_Enabled: 1
  serializedVersion: 4
  m_Convex: 0
  m_CookingOptions: 30
  m_Mesh: {fileID: 7993741089222359053, guid: eca93beb7f32ed44aa9feb45c1c45301, type: 3}
--- !u!114 &1834795999
MonoBehaviour:
  m_ObjectHideFlags: 0
  m_CorrespondingSourceObject: {fileID: 0}
  m_PrefabInstance: {fileID: 0}
  m_PrefabAsset: {fileID: 0}
  m_GameObject: {fileID: 610753146247664415}
  m_Enabled: 1
  m_EditorHideFlags: 0
  m_Script: {fileID: 11500000, guid: 58df3feb81f47cb429e4d92063d18e69, type: 3}
  m_Name: 
  m_EditorClassIdentifier: 
  puzzleComplete: 0
  completeAny: 0
  miniPuzzles: []
  pushBlocks: []
  hiddenSwitch: 1
  waterSwitch: {fileID: 5531940241949354984}
--- !u!1 &8612001355194304169
GameObject:
  m_ObjectHideFlags: 0
  m_CorrespondingSourceObject: {fileID: 0}
  m_PrefabInstance: {fileID: 0}
  m_PrefabAsset: {fileID: 0}
  serializedVersion: 6
  m_Component:
  - component: {fileID: 8366541015993372073}
  - component: {fileID: 117716167243646953}
  - component: {fileID: 6320101585365956018}
  m_Layer: 0
  m_Name: Tearealm_Bonsai (2)
  m_TagString: Untagged
  m_Icon: {fileID: 0}
  m_NavMeshLayer: 0
  m_StaticEditorFlags: 0
  m_IsActive: 1
--- !u!4 &8366541015993372073
Transform:
  m_ObjectHideFlags: 0
  m_CorrespondingSourceObject: {fileID: 0}
  m_PrefabInstance: {fileID: 0}
  m_PrefabAsset: {fileID: 0}
  m_GameObject: {fileID: 8612001355194304169}
  m_LocalRotation: {x: -0, y: -0.12877254, z: -0, w: 0.9916741}
  m_LocalPosition: {x: 0.051, y: 0.0956, z: 0.0514}
  m_LocalScale: {x: 0.011917199, y: 0.013216857, z: 0.009861845}
  m_Children: []
  m_Father: {fileID: 610753146247664414}
  m_RootOrder: 18
  m_LocalEulerAnglesHint: {x: 0, y: -14.797001, z: 0}
--- !u!33 &117716167243646953
MeshFilter:
  m_ObjectHideFlags: 0
  m_CorrespondingSourceObject: {fileID: 0}
  m_PrefabInstance: {fileID: 0}
  m_PrefabAsset: {fileID: 0}
  m_GameObject: {fileID: 8612001355194304169}
  m_Mesh: {fileID: 8241505846553636565, guid: f2ba056da519cdf40bc3f485d2ee70b8, type: 3}
--- !u!23 &6320101585365956018
MeshRenderer:
  m_ObjectHideFlags: 0
  m_CorrespondingSourceObject: {fileID: 0}
  m_PrefabInstance: {fileID: 0}
  m_PrefabAsset: {fileID: 0}
  m_GameObject: {fileID: 8612001355194304169}
  m_Enabled: 1
  m_CastShadows: 1
  m_ReceiveShadows: 1
  m_DynamicOccludee: 1
  m_MotionVectors: 1
  m_LightProbeUsage: 1
  m_ReflectionProbeUsage: 1
  m_RayTracingMode: 2
  m_RenderingLayerMask: 1
  m_RendererPriority: 0
  m_Materials:
  - {fileID: 2100000, guid: 4f004bc6c202d2a44b88252aada985d7, type: 2}
  m_StaticBatchInfo:
    firstSubMesh: 0
    subMeshCount: 0
  m_StaticBatchRoot: {fileID: 0}
  m_ProbeAnchor: {fileID: 0}
  m_LightProbeVolumeOverride: {fileID: 0}
  m_ScaleInLightmap: 1
  m_ReceiveGI: 1
  m_PreserveUVs: 0
  m_IgnoreNormalsForChartDetection: 0
  m_ImportantGI: 0
  m_StitchLightmapSeams: 1
  m_SelectedEditorRenderState: 3
  m_MinimumChartSize: 4
  m_AutoUVMaxDistance: 0.5
  m_AutoUVMaxAngle: 89
  m_LightmapParameters: {fileID: 0}
  m_SortingLayerID: 0
  m_SortingLayer: 0
  m_SortingOrder: 0
--- !u!1001 &103225226036833284
PrefabInstance:
  m_ObjectHideFlags: 0
  serializedVersion: 2
  m_Modification:
    m_TransformParent: {fileID: 610753146247664414}
    m_Modifications:
    - target: {fileID: 2607480777521939488, guid: 27baf376b977a634f8dc4c6e3cf3163c,
        type: 3}
      propertyPath: m_LocalPosition.x
      value: 0.05367975
      objectReference: {fileID: 0}
    - target: {fileID: 2607480777521939488, guid: 27baf376b977a634f8dc4c6e3cf3163c,
        type: 3}
      propertyPath: m_LocalPosition.y
      value: 0.080199994
      objectReference: {fileID: 0}
    - target: {fileID: 2607480777521939488, guid: 27baf376b977a634f8dc4c6e3cf3163c,
        type: 3}
      propertyPath: m_LocalPosition.z
      value: 0.010052065
      objectReference: {fileID: 0}
    - target: {fileID: 2607480777521939488, guid: 27baf376b977a634f8dc4c6e3cf3163c,
        type: 3}
      propertyPath: m_LocalRotation.x
      value: -0
      objectReference: {fileID: 0}
    - target: {fileID: 2607480777521939488, guid: 27baf376b977a634f8dc4c6e3cf3163c,
        type: 3}
      propertyPath: m_LocalRotation.y
      value: 1
      objectReference: {fileID: 0}
    - target: {fileID: 2607480777521939488, guid: 27baf376b977a634f8dc4c6e3cf3163c,
        type: 3}
      propertyPath: m_LocalRotation.z
      value: -0
      objectReference: {fileID: 0}
    - target: {fileID: 2607480777521939488, guid: 27baf376b977a634f8dc4c6e3cf3163c,
        type: 3}
      propertyPath: m_LocalRotation.w
      value: 0
      objectReference: {fileID: 0}
    - target: {fileID: 2607480777521939488, guid: 27baf376b977a634f8dc4c6e3cf3163c,
        type: 3}
      propertyPath: m_RootOrder
      value: 14
      objectReference: {fileID: 0}
    - target: {fileID: 2607480777521939488, guid: 27baf376b977a634f8dc4c6e3cf3163c,
        type: 3}
      propertyPath: m_LocalEulerAnglesHint.x
      value: 0
      objectReference: {fileID: 0}
    - target: {fileID: 2607480777521939488, guid: 27baf376b977a634f8dc4c6e3cf3163c,
        type: 3}
      propertyPath: m_LocalEulerAnglesHint.y
      value: 0
      objectReference: {fileID: 0}
    - target: {fileID: 2607480777521939488, guid: 27baf376b977a634f8dc4c6e3cf3163c,
        type: 3}
      propertyPath: m_LocalEulerAnglesHint.z
      value: 0
      objectReference: {fileID: 0}
    - target: {fileID: 2607480777521939488, guid: 27baf376b977a634f8dc4c6e3cf3163c,
        type: 3}
      propertyPath: m_LocalScale.x
      value: 0.0050000018
      objectReference: {fileID: 0}
    - target: {fileID: 2607480777521939488, guid: 27baf376b977a634f8dc4c6e3cf3163c,
        type: 3}
      propertyPath: m_LocalScale.y
      value: 0.005
      objectReference: {fileID: 0}
    - target: {fileID: 2607480777521939488, guid: 27baf376b977a634f8dc4c6e3cf3163c,
        type: 3}
      propertyPath: m_LocalScale.z
      value: 0.0050000018
      objectReference: {fileID: 0}
    - target: {fileID: 8295880161009219135, guid: 27baf376b977a634f8dc4c6e3cf3163c,
        type: 3}
      propertyPath: m_Name
      value: Misc_Lightbulb (1)
      objectReference: {fileID: 0}
    m_RemovedComponents: []
  m_SourcePrefab: {fileID: 100100000, guid: 27baf376b977a634f8dc4c6e3cf3163c, type: 3}
--- !u!1 &8236619476550998587 stripped
GameObject:
  m_CorrespondingSourceObject: {fileID: 8295880161009219135, guid: 27baf376b977a634f8dc4c6e3cf3163c,
    type: 3}
  m_PrefabInstance: {fileID: 103225226036833284}
  m_PrefabAsset: {fileID: 0}
--- !u!1001 &2475667818906439809
PrefabInstance:
  m_ObjectHideFlags: 0
  serializedVersion: 2
  m_Modification:
    m_TransformParent: {fileID: 610753146247664414}
    m_Modifications:
    - target: {fileID: 1433290579759484766, guid: f935e4ee039e8d841bad9157a40893fc,
        type: 3}
      propertyPath: m_LocalPosition.x
      value: 0.0543
      objectReference: {fileID: 0}
    - target: {fileID: 1433290579759484766, guid: f935e4ee039e8d841bad9157a40893fc,
        type: 3}
      propertyPath: m_LocalPosition.y
      value: 0.0614
      objectReference: {fileID: 0}
    - target: {fileID: 1433290579759484766, guid: f935e4ee039e8d841bad9157a40893fc,
        type: 3}
      propertyPath: m_LocalPosition.z
      value: 0.0109
      objectReference: {fileID: 0}
    - target: {fileID: 1433290579759484766, guid: f935e4ee039e8d841bad9157a40893fc,
        type: 3}
      propertyPath: m_LocalRotation.x
      value: -0
      objectReference: {fileID: 0}
    - target: {fileID: 1433290579759484766, guid: f935e4ee039e8d841bad9157a40893fc,
        type: 3}
      propertyPath: m_LocalRotation.y
      value: 0.38268343
      objectReference: {fileID: 0}
    - target: {fileID: 1433290579759484766, guid: f935e4ee039e8d841bad9157a40893fc,
        type: 3}
      propertyPath: m_LocalRotation.z
      value: -0
      objectReference: {fileID: 0}
    - target: {fileID: 1433290579759484766, guid: f935e4ee039e8d841bad9157a40893fc,
        type: 3}
      propertyPath: m_LocalRotation.w
      value: 0.92387956
      objectReference: {fileID: 0}
    - target: {fileID: 1433290579759484766, guid: f935e4ee039e8d841bad9157a40893fc,
        type: 3}
      propertyPath: m_RootOrder
      value: 11
      objectReference: {fileID: 0}
    - target: {fileID: 1433290579759484766, guid: f935e4ee039e8d841bad9157a40893fc,
        type: 3}
      propertyPath: m_LocalEulerAnglesHint.x
      value: 0
      objectReference: {fileID: 0}
    - target: {fileID: 1433290579759484766, guid: f935e4ee039e8d841bad9157a40893fc,
        type: 3}
      propertyPath: m_LocalEulerAnglesHint.y
      value: 0
      objectReference: {fileID: 0}
    - target: {fileID: 1433290579759484766, guid: f935e4ee039e8d841bad9157a40893fc,
        type: 3}
      propertyPath: m_LocalEulerAnglesHint.z
      value: 0
      objectReference: {fileID: 0}
    - target: {fileID: 1433290579759484766, guid: f935e4ee039e8d841bad9157a40893fc,
        type: 3}
      propertyPath: m_LocalScale.x
      value: 0.01476828
      objectReference: {fileID: 0}
    - target: {fileID: 1433290579759484766, guid: f935e4ee039e8d841bad9157a40893fc,
        type: 3}
      propertyPath: m_LocalScale.y
      value: 0.009268816
      objectReference: {fileID: 0}
    - target: {fileID: 1433290579759484766, guid: f935e4ee039e8d841bad9157a40893fc,
        type: 3}
      propertyPath: m_LocalScale.z
      value: 0.014768287
      objectReference: {fileID: 0}
    - target: {fileID: 7607963926265929378, guid: f935e4ee039e8d841bad9157a40893fc,
        type: 3}
      propertyPath: m_Name
      value: Tearealm_OctagonPushingBlock (5)
      objectReference: {fileID: 0}
    - target: {fileID: 7607963926265929378, guid: f935e4ee039e8d841bad9157a40893fc,
        type: 3}
      propertyPath: m_Layer
      value: 8
      objectReference: {fileID: 0}
    - target: {fileID: 7607963926265929378, guid: f935e4ee039e8d841bad9157a40893fc,
        type: 3}
      propertyPath: m_IsActive
      value: 1
      objectReference: {fileID: 0}
    m_RemovedComponents: []
  m_SourcePrefab: {fileID: 100100000, guid: f935e4ee039e8d841bad9157a40893fc, type: 3}
--- !u!1 &5462791728964161059 stripped
GameObject:
  m_CorrespondingSourceObject: {fileID: 7607963926265929378, guid: f935e4ee039e8d841bad9157a40893fc,
    type: 3}
  m_PrefabInstance: {fileID: 2475667818906439809}
  m_PrefabAsset: {fileID: 0}
--- !u!1001 &4569559025107770578
PrefabInstance:
  m_ObjectHideFlags: 0
  serializedVersion: 2
  m_Modification:
    m_TransformParent: {fileID: 1371661157874235501}
    m_Modifications:
    - target: {fileID: -8679921383154817045, guid: 2100ba953e1e5134793d52718c2bb85e,
        type: 3}
      propertyPath: m_LocalPosition.x
      value: 0
      objectReference: {fileID: 0}
    - target: {fileID: -8679921383154817045, guid: 2100ba953e1e5134793d52718c2bb85e,
        type: 3}
      propertyPath: m_LocalPosition.y
      value: 0.066
      objectReference: {fileID: 0}
    - target: {fileID: -8679921383154817045, guid: 2100ba953e1e5134793d52718c2bb85e,
        type: 3}
      propertyPath: m_LocalPosition.z
      value: 0.0123
      objectReference: {fileID: 0}
    - target: {fileID: -8679921383154817045, guid: 2100ba953e1e5134793d52718c2bb85e,
        type: 3}
      propertyPath: m_LocalRotation.x
      value: -0
      objectReference: {fileID: 0}
    - target: {fileID: -8679921383154817045, guid: 2100ba953e1e5134793d52718c2bb85e,
        type: 3}
      propertyPath: m_LocalRotation.y
      value: 0.20229957
      objectReference: {fileID: 0}
    - target: {fileID: -8679921383154817045, guid: 2100ba953e1e5134793d52718c2bb85e,
        type: 3}
      propertyPath: m_LocalRotation.z
      value: -0
      objectReference: {fileID: 0}
    - target: {fileID: -8679921383154817045, guid: 2100ba953e1e5134793d52718c2bb85e,
        type: 3}
      propertyPath: m_LocalRotation.w
      value: 0.97932374
      objectReference: {fileID: 0}
    - target: {fileID: -8679921383154817045, guid: 2100ba953e1e5134793d52718c2bb85e,
        type: 3}
      propertyPath: m_RootOrder
      value: 1
      objectReference: {fileID: 0}
    - target: {fileID: -8679921383154817045, guid: 2100ba953e1e5134793d52718c2bb85e,
        type: 3}
      propertyPath: m_LocalEulerAnglesHint.x
      value: 0
      objectReference: {fileID: 0}
    - target: {fileID: -8679921383154817045, guid: 2100ba953e1e5134793d52718c2bb85e,
        type: 3}
      propertyPath: m_LocalEulerAnglesHint.y
      value: 23.343
      objectReference: {fileID: 0}
    - target: {fileID: -8679921383154817045, guid: 2100ba953e1e5134793d52718c2bb85e,
        type: 3}
      propertyPath: m_LocalEulerAnglesHint.z
      value: 0
      objectReference: {fileID: 0}
    - target: {fileID: -8679921383154817045, guid: 2100ba953e1e5134793d52718c2bb85e,
        type: 3}
      propertyPath: m_LocalScale.x
      value: 0.4251837
      objectReference: {fileID: 0}
    - target: {fileID: -8679921383154817045, guid: 2100ba953e1e5134793d52718c2bb85e,
        type: 3}
      propertyPath: m_LocalScale.y
      value: 0.42518377
      objectReference: {fileID: 0}
    - target: {fileID: -8679921383154817045, guid: 2100ba953e1e5134793d52718c2bb85e,
        type: 3}
      propertyPath: m_LocalScale.z
      value: 0.4251837
      objectReference: {fileID: 0}
    - target: {fileID: 919132149155446097, guid: 2100ba953e1e5134793d52718c2bb85e,
        type: 3}
      propertyPath: m_Name
      value: teacup platform 3-16
      objectReference: {fileID: 0}
    m_RemovedComponents: []
  m_SourcePrefab: {fileID: 100100000, guid: 2100ba953e1e5134793d52718c2bb85e, type: 3}
--- !u!1001 &4620077018651764540
PrefabInstance:
  m_ObjectHideFlags: 0
  serializedVersion: 2
  m_Modification:
    m_TransformParent: {fileID: 610753146247664414}
    m_Modifications:
    - target: {fileID: 1433290579759484766, guid: f935e4ee039e8d841bad9157a40893fc,
        type: 3}
      propertyPath: m_LocalPosition.x
      value: 0.0745
      objectReference: {fileID: 0}
    - target: {fileID: 1433290579759484766, guid: f935e4ee039e8d841bad9157a40893fc,
        type: 3}
      propertyPath: m_LocalPosition.y
      value: 0.0614
      objectReference: {fileID: 0}
    - target: {fileID: 1433290579759484766, guid: f935e4ee039e8d841bad9157a40893fc,
        type: 3}
      propertyPath: m_LocalPosition.z
      value: 0.0552
      objectReference: {fileID: 0}
    - target: {fileID: 1433290579759484766, guid: f935e4ee039e8d841bad9157a40893fc,
        type: 3}
      propertyPath: m_LocalRotation.x
      value: -0
      objectReference: {fileID: 0}
    - target: {fileID: 1433290579759484766, guid: f935e4ee039e8d841bad9157a40893fc,
        type: 3}
      propertyPath: m_LocalRotation.y
      value: 0.38268343
      objectReference: {fileID: 0}
    - target: {fileID: 1433290579759484766, guid: f935e4ee039e8d841bad9157a40893fc,
        type: 3}
      propertyPath: m_LocalRotation.z
      value: -0
      objectReference: {fileID: 0}
    - target: {fileID: 1433290579759484766, guid: f935e4ee039e8d841bad9157a40893fc,
        type: 3}
      propertyPath: m_LocalRotation.w
      value: 0.92387956
      objectReference: {fileID: 0}
    - target: {fileID: 1433290579759484766, guid: f935e4ee039e8d841bad9157a40893fc,
        type: 3}
      propertyPath: m_RootOrder
      value: 9
      objectReference: {fileID: 0}
    - target: {fileID: 1433290579759484766, guid: f935e4ee039e8d841bad9157a40893fc,
        type: 3}
      propertyPath: m_LocalEulerAnglesHint.x
      value: 0
      objectReference: {fileID: 0}
    - target: {fileID: 1433290579759484766, guid: f935e4ee039e8d841bad9157a40893fc,
        type: 3}
      propertyPath: m_LocalEulerAnglesHint.y
      value: 0
      objectReference: {fileID: 0}
    - target: {fileID: 1433290579759484766, guid: f935e4ee039e8d841bad9157a40893fc,
        type: 3}
      propertyPath: m_LocalEulerAnglesHint.z
      value: 0
      objectReference: {fileID: 0}
    - target: {fileID: 1433290579759484766, guid: f935e4ee039e8d841bad9157a40893fc,
        type: 3}
      propertyPath: m_LocalScale.x
      value: 0.0235535
      objectReference: {fileID: 0}
    - target: {fileID: 1433290579759484766, guid: f935e4ee039e8d841bad9157a40893fc,
        type: 3}
      propertyPath: m_LocalScale.y
      value: 0.029125685
      objectReference: {fileID: 0}
    - target: {fileID: 1433290579759484766, guid: f935e4ee039e8d841bad9157a40893fc,
        type: 3}
      propertyPath: m_LocalScale.z
      value: 0.023553511
      objectReference: {fileID: 0}
    - target: {fileID: 7607963926265929378, guid: f935e4ee039e8d841bad9157a40893fc,
        type: 3}
      propertyPath: m_Name
      value: Tearealm_OctagonPushingBlock (4)
      objectReference: {fileID: 0}
    - target: {fileID: 7607963926265929378, guid: f935e4ee039e8d841bad9157a40893fc,
        type: 3}
      propertyPath: m_Layer
      value: 8
      objectReference: {fileID: 0}
    - target: {fileID: 7607963926265929378, guid: f935e4ee039e8d841bad9157a40893fc,
        type: 3}
      propertyPath: m_IsActive
      value: 1
      objectReference: {fileID: 0}
    m_RemovedComponents: []
  m_SourcePrefab: {fileID: 100100000, guid: f935e4ee039e8d841bad9157a40893fc, type: 3}
--- !u!1 &2992964590913862046 stripped
GameObject:
  m_CorrespondingSourceObject: {fileID: 7607963926265929378, guid: f935e4ee039e8d841bad9157a40893fc,
    type: 3}
  m_PrefabInstance: {fileID: 4620077018651764540}
  m_PrefabAsset: {fileID: 0}
--- !u!1001 &6863038395794232158
PrefabInstance:
  m_ObjectHideFlags: 0
  serializedVersion: 2
  m_Modification:
    m_TransformParent: {fileID: 610753146247664414}
    m_Modifications:
    - target: {fileID: 1433290579759484766, guid: f935e4ee039e8d841bad9157a40893fc,
        type: 3}
      propertyPath: m_LocalPosition.x
      value: 0.015167456
      objectReference: {fileID: 0}
    - target: {fileID: 1433290579759484766, guid: f935e4ee039e8d841bad9157a40893fc,
        type: 3}
      propertyPath: m_LocalPosition.y
      value: 0.061135
      objectReference: {fileID: 0}
    - target: {fileID: 1433290579759484766, guid: f935e4ee039e8d841bad9157a40893fc,
        type: 3}
      propertyPath: m_LocalPosition.z
      value: -0.00045960763
      objectReference: {fileID: 0}
    - target: {fileID: 1433290579759484766, guid: f935e4ee039e8d841bad9157a40893fc,
        type: 3}
      propertyPath: m_LocalRotation.x
      value: -0
      objectReference: {fileID: 0}
    - target: {fileID: 1433290579759484766, guid: f935e4ee039e8d841bad9157a40893fc,
        type: 3}
      propertyPath: m_LocalRotation.y
      value: 0.38268343
      objectReference: {fileID: 0}
    - target: {fileID: 1433290579759484766, guid: f935e4ee039e8d841bad9157a40893fc,
        type: 3}
      propertyPath: m_LocalRotation.z
      value: -0
      objectReference: {fileID: 0}
    - target: {fileID: 1433290579759484766, guid: f935e4ee039e8d841bad9157a40893fc,
        type: 3}
      propertyPath: m_LocalRotation.w
      value: 0.92387956
      objectReference: {fileID: 0}
    - target: {fileID: 1433290579759484766, guid: f935e4ee039e8d841bad9157a40893fc,
        type: 3}
      propertyPath: m_RootOrder
      value: 8
      objectReference: {fileID: 0}
    - target: {fileID: 1433290579759484766, guid: f935e4ee039e8d841bad9157a40893fc,
        type: 3}
      propertyPath: m_LocalEulerAnglesHint.x
      value: 0
      objectReference: {fileID: 0}
    - target: {fileID: 1433290579759484766, guid: f935e4ee039e8d841bad9157a40893fc,
        type: 3}
      propertyPath: m_LocalEulerAnglesHint.y
      value: 0
      objectReference: {fileID: 0}
    - target: {fileID: 1433290579759484766, guid: f935e4ee039e8d841bad9157a40893fc,
        type: 3}
      propertyPath: m_LocalEulerAnglesHint.z
      value: 0
      objectReference: {fileID: 0}
    - target: {fileID: 1433290579759484766, guid: f935e4ee039e8d841bad9157a40893fc,
        type: 3}
      propertyPath: m_LocalScale.x
      value: 0.0235535
      objectReference: {fileID: 0}
    - target: {fileID: 1433290579759484766, guid: f935e4ee039e8d841bad9157a40893fc,
        type: 3}
      propertyPath: m_LocalScale.y
      value: 0.009050852
      objectReference: {fileID: 0}
    - target: {fileID: 1433290579759484766, guid: f935e4ee039e8d841bad9157a40893fc,
        type: 3}
      propertyPath: m_LocalScale.z
      value: 0.023553524
      objectReference: {fileID: 0}
    - target: {fileID: 7607963926265929378, guid: f935e4ee039e8d841bad9157a40893fc,
        type: 3}
      propertyPath: m_Name
      value: Tearealm_OctagonPushingBlock (3)
      objectReference: {fileID: 0}
    - target: {fileID: 7607963926265929378, guid: f935e4ee039e8d841bad9157a40893fc,
        type: 3}
      propertyPath: m_Layer
      value: 8
      objectReference: {fileID: 0}
    - target: {fileID: 7607963926265929378, guid: f935e4ee039e8d841bad9157a40893fc,
        type: 3}
      propertyPath: m_IsActive
      value: 0
      objectReference: {fileID: 0}
    m_RemovedComponents: []
  m_SourcePrefab: {fileID: 100100000, guid: f935e4ee039e8d841bad9157a40893fc, type: 3}
--- !u!1001 &6863038396084411751
PrefabInstance:
  m_ObjectHideFlags: 0
  serializedVersion: 2
  m_Modification:
    m_TransformParent: {fileID: 610753146247664414}
    m_Modifications:
    - target: {fileID: 1433290579759484766, guid: f935e4ee039e8d841bad9157a40893fc,
        type: 3}
      propertyPath: m_LocalPosition.x
      value: 0.07265523
      objectReference: {fileID: 0}
    - target: {fileID: 1433290579759484766, guid: f935e4ee039e8d841bad9157a40893fc,
        type: 3}
      propertyPath: m_LocalPosition.y
      value: 0.06959999
      objectReference: {fileID: 0}
    - target: {fileID: 1433290579759484766, guid: f935e4ee039e8d841bad9157a40893fc,
        type: 3}
      propertyPath: m_LocalPosition.z
      value: 0.010429812
      objectReference: {fileID: 0}
    - target: {fileID: 1433290579759484766, guid: f935e4ee039e8d841bad9157a40893fc,
        type: 3}
      propertyPath: m_LocalRotation.x
      value: -0
      objectReference: {fileID: 0}
    - target: {fileID: 1433290579759484766, guid: f935e4ee039e8d841bad9157a40893fc,
        type: 3}
      propertyPath: m_LocalRotation.y
      value: 0.38268343
      objectReference: {fileID: 0}
    - target: {fileID: 1433290579759484766, guid: f935e4ee039e8d841bad9157a40893fc,
        type: 3}
      propertyPath: m_LocalRotation.z
      value: -0
      objectReference: {fileID: 0}
    - target: {fileID: 1433290579759484766, guid: f935e4ee039e8d841bad9157a40893fc,
        type: 3}
      propertyPath: m_LocalRotation.w
      value: 0.92387956
      objectReference: {fileID: 0}
    - target: {fileID: 1433290579759484766, guid: f935e4ee039e8d841bad9157a40893fc,
        type: 3}
      propertyPath: m_RootOrder
      value: 5
      objectReference: {fileID: 0}
    - target: {fileID: 1433290579759484766, guid: f935e4ee039e8d841bad9157a40893fc,
        type: 3}
      propertyPath: m_LocalEulerAnglesHint.x
      value: 0
      objectReference: {fileID: 0}
    - target: {fileID: 1433290579759484766, guid: f935e4ee039e8d841bad9157a40893fc,
        type: 3}
      propertyPath: m_LocalEulerAnglesHint.y
      value: 0
      objectReference: {fileID: 0}
    - target: {fileID: 1433290579759484766, guid: f935e4ee039e8d841bad9157a40893fc,
        type: 3}
      propertyPath: m_LocalEulerAnglesHint.z
      value: 0
      objectReference: {fileID: 0}
    - target: {fileID: 1433290579759484766, guid: f935e4ee039e8d841bad9157a40893fc,
        type: 3}
      propertyPath: m_LocalScale.x
      value: 0.0235535
      objectReference: {fileID: 0}
    - target: {fileID: 1433290579759484766, guid: f935e4ee039e8d841bad9157a40893fc,
        type: 3}
      propertyPath: m_LocalScale.y
      value: 0.03274174
      objectReference: {fileID: 0}
    - target: {fileID: 1433290579759484766, guid: f935e4ee039e8d841bad9157a40893fc,
        type: 3}
      propertyPath: m_LocalScale.z
      value: 0.0235535
      objectReference: {fileID: 0}
    - target: {fileID: 7607963926265929378, guid: f935e4ee039e8d841bad9157a40893fc,
        type: 3}
      propertyPath: m_Name
      value: Tearealm_OctagonPushingBlock
      objectReference: {fileID: 0}
    - target: {fileID: 7607963926265929378, guid: f935e4ee039e8d841bad9157a40893fc,
        type: 3}
      propertyPath: m_Layer
      value: 8
      objectReference: {fileID: 0}
    - target: {fileID: 7607963926265929378, guid: f935e4ee039e8d841bad9157a40893fc,
        type: 3}
      propertyPath: m_IsActive
      value: 0
      objectReference: {fileID: 0}
    m_RemovedComponents: []
  m_SourcePrefab: {fileID: 100100000, guid: f935e4ee039e8d841bad9157a40893fc, type: 3}
--- !u!1001 &6863038396089715049
PrefabInstance:
  m_ObjectHideFlags: 0
  serializedVersion: 2
  m_Modification:
    m_TransformParent: {fileID: 610753146247664414}
    m_Modifications:
    - target: {fileID: 4069513798707387453, guid: 3052cba15d3b78444bb302068d1ded2a,
        type: 3}
      propertyPath: m_Name
      value: red barrier (1)
      objectReference: {fileID: 0}
    - target: {fileID: 4069513798707387453, guid: 3052cba15d3b78444bb302068d1ded2a,
        type: 3}
      propertyPath: m_IsActive
      value: 0
      objectReference: {fileID: 0}
    - target: {fileID: 6974550929091595228, guid: 3052cba15d3b78444bb302068d1ded2a,
        type: 3}
      propertyPath: m_LocalPosition.x
      value: 0.072867334
      objectReference: {fileID: 0}
    - target: {fileID: 6974550929091595228, guid: 3052cba15d3b78444bb302068d1ded2a,
        type: 3}
      propertyPath: m_LocalPosition.y
      value: 0.1521
      objectReference: {fileID: 0}
    - target: {fileID: 6974550929091595228, guid: 3052cba15d3b78444bb302068d1ded2a,
        type: 3}
      propertyPath: m_LocalPosition.z
      value: 0.010995507
      objectReference: {fileID: 0}
    - target: {fileID: 6974550929091595228, guid: 3052cba15d3b78444bb302068d1ded2a,
        type: 3}
      propertyPath: m_LocalRotation.x
      value: -0
      objectReference: {fileID: 0}
    - target: {fileID: 6974550929091595228, guid: 3052cba15d3b78444bb302068d1ded2a,
        type: 3}
      propertyPath: m_LocalRotation.y
      value: 0.70710677
      objectReference: {fileID: 0}
    - target: {fileID: 6974550929091595228, guid: 3052cba15d3b78444bb302068d1ded2a,
        type: 3}
      propertyPath: m_LocalRotation.z
      value: -0
      objectReference: {fileID: 0}
    - target: {fileID: 6974550929091595228, guid: 3052cba15d3b78444bb302068d1ded2a,
        type: 3}
      propertyPath: m_LocalRotation.w
      value: 0.7071069
      objectReference: {fileID: 0}
    - target: {fileID: 6974550929091595228, guid: 3052cba15d3b78444bb302068d1ded2a,
        type: 3}
      propertyPath: m_RootOrder
      value: 1
      objectReference: {fileID: 0}
    - target: {fileID: 6974550929091595228, guid: 3052cba15d3b78444bb302068d1ded2a,
        type: 3}
      propertyPath: m_LocalEulerAnglesHint.x
      value: 0
      objectReference: {fileID: 0}
    - target: {fileID: 6974550929091595228, guid: 3052cba15d3b78444bb302068d1ded2a,
        type: 3}
      propertyPath: m_LocalEulerAnglesHint.y
      value: 45
      objectReference: {fileID: 0}
    - target: {fileID: 6974550929091595228, guid: 3052cba15d3b78444bb302068d1ded2a,
        type: 3}
      propertyPath: m_LocalEulerAnglesHint.z
      value: 0
      objectReference: {fileID: 0}
    - target: {fileID: 6974550929091595228, guid: 3052cba15d3b78444bb302068d1ded2a,
        type: 3}
      propertyPath: m_LocalScale.x
      value: 0.027777223
      objectReference: {fileID: 0}
    - target: {fileID: 6974550929091595228, guid: 3052cba15d3b78444bb302068d1ded2a,
        type: 3}
      propertyPath: m_LocalScale.y
      value: 0.027777221
      objectReference: {fileID: 0}
    - target: {fileID: 6974550929091595228, guid: 3052cba15d3b78444bb302068d1ded2a,
        type: 3}
      propertyPath: m_LocalScale.z
      value: 0.027777223
      objectReference: {fileID: 0}
    m_RemovedComponents: []
  m_SourcePrefab: {fileID: 100100000, guid: 3052cba15d3b78444bb302068d1ded2a, type: 3}
--- !u!1001 &6863038396101693555
PrefabInstance:
  m_ObjectHideFlags: 0
  serializedVersion: 2
  m_Modification:
    m_TransformParent: {fileID: 610753146247664414}
    m_Modifications:
    - target: {fileID: 1433290579759484766, guid: f935e4ee039e8d841bad9157a40893fc,
        type: 3}
      propertyPath: m_LocalPosition.x
      value: 0.0437
      objectReference: {fileID: 0}
    - target: {fileID: 1433290579759484766, guid: f935e4ee039e8d841bad9157a40893fc,
        type: 3}
      propertyPath: m_LocalPosition.y
      value: 0.0614
      objectReference: {fileID: 0}
    - target: {fileID: 1433290579759484766, guid: f935e4ee039e8d841bad9157a40893fc,
        type: 3}
      propertyPath: m_LocalPosition.z
      value: 0.056
      objectReference: {fileID: 0}
    - target: {fileID: 1433290579759484766, guid: f935e4ee039e8d841bad9157a40893fc,
        type: 3}
      propertyPath: m_LocalRotation.x
      value: -0
      objectReference: {fileID: 0}
    - target: {fileID: 1433290579759484766, guid: f935e4ee039e8d841bad9157a40893fc,
        type: 3}
      propertyPath: m_LocalRotation.y
      value: 0.38268343
      objectReference: {fileID: 0}
    - target: {fileID: 1433290579759484766, guid: f935e4ee039e8d841bad9157a40893fc,
        type: 3}
      propertyPath: m_LocalRotation.z
      value: -0
      objectReference: {fileID: 0}
    - target: {fileID: 1433290579759484766, guid: f935e4ee039e8d841bad9157a40893fc,
        type: 3}
      propertyPath: m_LocalRotation.w
      value: 0.92387956
      objectReference: {fileID: 0}
    - target: {fileID: 1433290579759484766, guid: f935e4ee039e8d841bad9157a40893fc,
        type: 3}
      propertyPath: m_RootOrder
      value: 17
      objectReference: {fileID: 0}
    - target: {fileID: 1433290579759484766, guid: f935e4ee039e8d841bad9157a40893fc,
        type: 3}
      propertyPath: m_LocalEulerAnglesHint.x
      value: 0
      objectReference: {fileID: 0}
    - target: {fileID: 1433290579759484766, guid: f935e4ee039e8d841bad9157a40893fc,
        type: 3}
      propertyPath: m_LocalEulerAnglesHint.y
      value: 0
      objectReference: {fileID: 0}
    - target: {fileID: 1433290579759484766, guid: f935e4ee039e8d841bad9157a40893fc,
        type: 3}
      propertyPath: m_LocalEulerAnglesHint.z
      value: 0
      objectReference: {fileID: 0}
    - target: {fileID: 1433290579759484766, guid: f935e4ee039e8d841bad9157a40893fc,
        type: 3}
      propertyPath: m_LocalScale.x
      value: 0.0235535
      objectReference: {fileID: 0}
    - target: {fileID: 1433290579759484766, guid: f935e4ee039e8d841bad9157a40893fc,
        type: 3}
      propertyPath: m_LocalScale.y
      value: 0.018634476
      objectReference: {fileID: 0}
    - target: {fileID: 1433290579759484766, guid: f935e4ee039e8d841bad9157a40893fc,
        type: 3}
      propertyPath: m_LocalScale.z
      value: 0.023553511
      objectReference: {fileID: 0}
    - target: {fileID: 7607963926265929378, guid: f935e4ee039e8d841bad9157a40893fc,
        type: 3}
      propertyPath: m_Name
      value: Tearealm_OctagonPushingBlock (2)
      objectReference: {fileID: 0}
    - target: {fileID: 7607963926265929378, guid: f935e4ee039e8d841bad9157a40893fc,
        type: 3}
      propertyPath: m_Layer
      value: 8
      objectReference: {fileID: 0}
    - target: {fileID: 7607963926265929378, guid: f935e4ee039e8d841bad9157a40893fc,
        type: 3}
      propertyPath: m_IsActive
      value: 1
      objectReference: {fileID: 0}
    m_RemovedComponents: []
  m_SourcePrefab: {fileID: 100100000, guid: f935e4ee039e8d841bad9157a40893fc, type: 3}
--- !u!1 &3939105886451207889 stripped
GameObject:
  m_CorrespondingSourceObject: {fileID: 7607963926265929378, guid: f935e4ee039e8d841bad9157a40893fc,
    type: 3}
  m_PrefabInstance: {fileID: 6863038396101693555}
  m_PrefabAsset: {fileID: 0}
--- !u!1001 &6863038396837662783
PrefabInstance:
  m_ObjectHideFlags: 0
  serializedVersion: 2
  m_Modification:
    m_TransformParent: {fileID: 0}
    m_Modifications:
    - target: {fileID: 1669758456715731297, guid: 0d1d9d961a1e06c498e9837e6543d625,
        type: 3}
      propertyPath: m_RootOrder
      value: 0
      objectReference: {fileID: 0}
    - target: {fileID: 2518897144788148341, guid: 0d1d9d961a1e06c498e9837e6543d625,
        type: 3}
      propertyPath: exitPortal
      value: 
      objectReference: {fileID: 0}
    - target: {fileID: 2943933013947322077, guid: 0d1d9d961a1e06c498e9837e6543d625,
        type: 3}
      propertyPath: m_RootOrder
      value: 7
      objectReference: {fileID: 0}
    - target: {fileID: 3578011282730267321, guid: 0d1d9d961a1e06c498e9837e6543d625,
        type: 3}
      propertyPath: connectingSegment
      value: 2
      objectReference: {fileID: 0}
    - target: {fileID: 3578011282730267321, guid: 0d1d9d961a1e06c498e9837e6543d625,
        type: 3}
      propertyPath: fixedConnection
      value: 1
      objectReference: {fileID: 0}
    - target: {fileID: 4213388255639762050, guid: 0d1d9d961a1e06c498e9837e6543d625,
        type: 3}
      propertyPath: waterDownLevel
      value: 3.5
      objectReference: {fileID: 0}
    - target: {fileID: 4272336577990762853, guid: 0d1d9d961a1e06c498e9837e6543d625,
        type: 3}
      propertyPath: m_RootOrder
      value: 0
      objectReference: {fileID: 0}
    - target: {fileID: 5491989666941593682, guid: 0d1d9d961a1e06c498e9837e6543d625,
        type: 3}
      propertyPath: m_RootOrder
      value: 6
      objectReference: {fileID: 0}
    - target: {fileID: 5728329309660736728, guid: 0d1d9d961a1e06c498e9837e6543d625,
        type: 3}
      propertyPath: m_RootOrder
      value: 2
      objectReference: {fileID: 0}
    - target: {fileID: 6289204103497859872, guid: 0d1d9d961a1e06c498e9837e6543d625,
        type: 3}
      propertyPath: m_Name
      value: tea realm cup room 2 Variant
      objectReference: {fileID: 0}
    - target: {fileID: 6289204103497859872, guid: 0d1d9d961a1e06c498e9837e6543d625,
        type: 3}
      propertyPath: m_IsActive
      value: 1
      objectReference: {fileID: 0}
    - target: {fileID: 6289204103497859873, guid: 0d1d9d961a1e06c498e9837e6543d625,
        type: 3}
      propertyPath: m_LocalPosition.x
      value: -84.8853
      objectReference: {fileID: 0}
    - target: {fileID: 6289204103497859873, guid: 0d1d9d961a1e06c498e9837e6543d625,
        type: 3}
      propertyPath: m_LocalPosition.y
      value: -0.4152217
      objectReference: {fileID: 0}
    - target: {fileID: 6289204103497859873, guid: 0d1d9d961a1e06c498e9837e6543d625,
        type: 3}
      propertyPath: m_LocalPosition.z
      value: -136.91177
      objectReference: {fileID: 0}
    - target: {fileID: 6289204103497859873, guid: 0d1d9d961a1e06c498e9837e6543d625,
        type: 3}
      propertyPath: m_LocalRotation.x
      value: 0
      objectReference: {fileID: 0}
    - target: {fileID: 6289204103497859873, guid: 0d1d9d961a1e06c498e9837e6543d625,
        type: 3}
      propertyPath: m_LocalRotation.y
      value: -0.38268343
      objectReference: {fileID: 0}
    - target: {fileID: 6289204103497859873, guid: 0d1d9d961a1e06c498e9837e6543d625,
        type: 3}
      propertyPath: m_LocalRotation.z
      value: 0
      objectReference: {fileID: 0}
    - target: {fileID: 6289204103497859873, guid: 0d1d9d961a1e06c498e9837e6543d625,
        type: 3}
      propertyPath: m_LocalRotation.w
      value: 0.92387956
      objectReference: {fileID: 0}
    - target: {fileID: 6289204103497859873, guid: 0d1d9d961a1e06c498e9837e6543d625,
        type: 3}
      propertyPath: m_RootOrder
      value: 0
      objectReference: {fileID: 0}
    - target: {fileID: 6289204103497859873, guid: 0d1d9d961a1e06c498e9837e6543d625,
        type: 3}
      propertyPath: m_LocalEulerAnglesHint.x
      value: 0
      objectReference: {fileID: 0}
    - target: {fileID: 6289204103497859873, guid: 0d1d9d961a1e06c498e9837e6543d625,
        type: 3}
      propertyPath: m_LocalEulerAnglesHint.y
      value: -45
      objectReference: {fileID: 0}
    - target: {fileID: 6289204103497859873, guid: 0d1d9d961a1e06c498e9837e6543d625,
        type: 3}
      propertyPath: m_LocalEulerAnglesHint.z
      value: 0
      objectReference: {fileID: 0}
    - target: {fileID: 6289204103497859873, guid: 0d1d9d961a1e06c498e9837e6543d625,
        type: 3}
      propertyPath: m_LocalScale.x
      value: 216.2225
      objectReference: {fileID: 0}
    - target: {fileID: 6289204103497859873, guid: 0d1d9d961a1e06c498e9837e6543d625,
        type: 3}
      propertyPath: m_LocalScale.y
      value: 216.2225
      objectReference: {fileID: 0}
    - target: {fileID: 6289204103497859873, guid: 0d1d9d961a1e06c498e9837e6543d625,
        type: 3}
      propertyPath: m_LocalScale.z
      value: 216.2225
      objectReference: {fileID: 0}
    - target: {fileID: 6642717434116980627, guid: 0d1d9d961a1e06c498e9837e6543d625,
        type: 3}
      propertyPath: m_LocalPosition.y
      value: 0.066
      objectReference: {fileID: 0}
    - target: {fileID: 6642717434116980627, guid: 0d1d9d961a1e06c498e9837e6543d625,
        type: 3}
      propertyPath: m_LocalPosition.x
      value: 0.013
      objectReference: {fileID: 0}
    - target: {fileID: 6642717434116980627, guid: 0d1d9d961a1e06c498e9837e6543d625,
        type: 3}
      propertyPath: m_LocalPosition.z
      value: -0.0499
      objectReference: {fileID: 0}
    - target: {fileID: 6642717434116980627, guid: 0d1d9d961a1e06c498e9837e6543d625,
        type: 3}
      propertyPath: m_RootOrder
      value: 3
      objectReference: {fileID: 0}
    - target: {fileID: 8248791017341138140, guid: 0d1d9d961a1e06c498e9837e6543d625,
        type: 3}
      propertyPath: m_RootOrder
      value: 10
      objectReference: {fileID: 0}
    m_RemovedComponents: []
  m_SourcePrefab: {fileID: 100100000, guid: 0d1d9d961a1e06c498e9837e6543d625, type: 3}
--- !u!1 &610753146247664415 stripped
GameObject:
  m_CorrespondingSourceObject: {fileID: 6289204103497859872, guid: 0d1d9d961a1e06c498e9837e6543d625,
    type: 3}
  m_PrefabInstance: {fileID: 6863038396837662783}
  m_PrefabAsset: {fileID: 0}
--- !u!4 &1371661157874235501 stripped
Transform:
  m_CorrespondingSourceObject: {fileID: 5491989666941593682, guid: 0d1d9d961a1e06c498e9837e6543d625,
    type: 3}
  m_PrefabInstance: {fileID: 6863038396837662783}
  m_PrefabAsset: {fileID: 0}
--- !u!114 &5531940241949354984 stripped
MonoBehaviour:
  m_CorrespondingSourceObject: {fileID: 1439761378309340119, guid: 0d1d9d961a1e06c498e9837e6543d625,
    type: 3}
  m_PrefabInstance: {fileID: 6863038396837662783}
  m_PrefabAsset: {fileID: 0}
  m_GameObject: {fileID: 0}
  m_Enabled: 1
  m_EditorHideFlags: 0
  m_Script: {fileID: 11500000, guid: fd51be0129f2524478cf3de425ff3120, type: 3}
  m_Name: 
  m_EditorClassIdentifier: 
--- !u!4 &610753146247664414 stripped
Transform:
  m_CorrespondingSourceObject: {fileID: 6289204103497859873, guid: 0d1d9d961a1e06c498e9837e6543d625,
    type: 3}
  m_PrefabInstance: {fileID: 6863038396837662783}
  m_PrefabAsset: {fileID: 0}
--- !u!1001 &6863038396845573475
PrefabInstance:
  m_ObjectHideFlags: 0
  serializedVersion: 2
  m_Modification:
    m_TransformParent: {fileID: 610753146247664414}
    m_Modifications:
    - target: {fileID: 413607063670496222, guid: 8db6e9235393935468523756e0a40c8d,
        type: 3}
      propertyPath: m_LocalPosition.z
      value: 0.97
      objectReference: {fileID: 0}
    - target: {fileID: 413607063670496222, guid: 8db6e9235393935468523756e0a40c8d,
        type: 3}
      propertyPath: m_LocalRotation.y
      value: -0.7071068
      objectReference: {fileID: 0}
    - target: {fileID: 413607063670496222, guid: 8db6e9235393935468523756e0a40c8d,
        type: 3}
      propertyPath: m_LocalRotation.w
      value: 0.7071068
      objectReference: {fileID: 0}
    - target: {fileID: 413607063670496222, guid: 8db6e9235393935468523756e0a40c8d,
        type: 3}
      propertyPath: m_LocalEulerAnglesHint.y
      value: -90
      objectReference: {fileID: 0}
    - target: {fileID: 413607063670496222, guid: 8db6e9235393935468523756e0a40c8d,
        type: 3}
      propertyPath: m_LocalPosition.x
      value: -0
      objectReference: {fileID: 0}
    - target: {fileID: 413607063670496222, guid: 8db6e9235393935468523756e0a40c8d,
        type: 3}
      propertyPath: m_LocalPosition.y
      value: 0
      objectReference: {fileID: 0}
    - target: {fileID: 413607063670496222, guid: 8db6e9235393935468523756e0a40c8d,
        type: 3}
      propertyPath: m_LocalRotation.x
      value: 0
      objectReference: {fileID: 0}
    - target: {fileID: 413607063670496222, guid: 8db6e9235393935468523756e0a40c8d,
        type: 3}
      propertyPath: m_LocalRotation.z
      value: 0
      objectReference: {fileID: 0}
    - target: {fileID: 1474515662003435405, guid: 8db6e9235393935468523756e0a40c8d,
        type: 3}
      propertyPath: m_LocalPosition.y
      value: -1.91
      objectReference: {fileID: 0}
    - target: {fileID: 3198138414049027419, guid: 8db6e9235393935468523756e0a40c8d,
        type: 3}
      propertyPath: m_LocalPosition.z
      value: -7.45
      objectReference: {fileID: 0}
    - target: {fileID: 3198138414049027419, guid: 8db6e9235393935468523756e0a40c8d,
        type: 3}
      propertyPath: m_LocalPosition.x
      value: -13.73
      objectReference: {fileID: 0}
    - target: {fileID: 3198138414049027419, guid: 8db6e9235393935468523756e0a40c8d,
        type: 3}
      propertyPath: m_LocalPosition.y
      value: 4.07
      objectReference: {fileID: 0}
    - target: {fileID: 4005074088714314254, guid: 8db6e9235393935468523756e0a40c8d,
        type: 3}
      propertyPath: m_LocalRotation.y
      value: -0
      objectReference: {fileID: 0}
    - target: {fileID: 4005074088714314254, guid: 8db6e9235393935468523756e0a40c8d,
        type: 3}
      propertyPath: m_LocalRotation.z
      value: -0
      objectReference: {fileID: 0}
    - target: {fileID: 4005074088714314254, guid: 8db6e9235393935468523756e0a40c8d,
        type: 3}
      propertyPath: m_LocalPosition.x
      value: 2.44
      objectReference: {fileID: 0}
    - target: {fileID: 4005074088714314254, guid: 8db6e9235393935468523756e0a40c8d,
        type: 3}
      propertyPath: m_LocalPosition.y
      value: -2.31
      objectReference: {fileID: 0}
    - target: {fileID: 4005074088714314254, guid: 8db6e9235393935468523756e0a40c8d,
        type: 3}
      propertyPath: m_LocalPosition.z
      value: -0.64
      objectReference: {fileID: 0}
    - target: {fileID: 5893333355744254371, guid: 8db6e9235393935468523756e0a40c8d,
        type: 3}
      propertyPath: m_LocalPosition.z
      value: 0.5
      objectReference: {fileID: 0}
    - target: {fileID: 5893333355744254371, guid: 8db6e9235393935468523756e0a40c8d,
        type: 3}
      propertyPath: m_LocalPosition.y
      value: 0.79
      objectReference: {fileID: 0}
    - target: {fileID: 5893333355744254371, guid: 8db6e9235393935468523756e0a40c8d,
        type: 3}
      propertyPath: m_LocalPosition.x
      value: -3.6
      objectReference: {fileID: 0}
    - target: {fileID: 6504254794208849891, guid: 8db6e9235393935468523756e0a40c8d,
        type: 3}
      propertyPath: m_LocalPosition.y
      value: -1.91
      objectReference: {fileID: 0}
    - target: {fileID: 7416785329435665301, guid: 8db6e9235393935468523756e0a40c8d,
        type: 3}
      propertyPath: m_LocalPosition.y
      value: -1.42
      objectReference: {fileID: 0}
    - target: {fileID: 8745214884316278363, guid: 8db6e9235393935468523756e0a40c8d,
        type: 3}
      propertyPath: m_LocalPosition.x
      value: -0.037
      objectReference: {fileID: 0}
    - target: {fileID: 8745214884316278363, guid: 8db6e9235393935468523756e0a40c8d,
        type: 3}
      propertyPath: m_LocalPosition.y
      value: 0.0823
      objectReference: {fileID: 0}
    - target: {fileID: 8745214884316278363, guid: 8db6e9235393935468523756e0a40c8d,
        type: 3}
      propertyPath: m_LocalPosition.z
      value: 0.0207
      objectReference: {fileID: 0}
    - target: {fileID: 8745214884316278363, guid: 8db6e9235393935468523756e0a40c8d,
        type: 3}
      propertyPath: m_LocalRotation.x
      value: -0
      objectReference: {fileID: 0}
    - target: {fileID: 8745214884316278363, guid: 8db6e9235393935468523756e0a40c8d,
        type: 3}
      propertyPath: m_LocalRotation.y
      value: 0.81588584
      objectReference: {fileID: 0}
    - target: {fileID: 8745214884316278363, guid: 8db6e9235393935468523756e0a40c8d,
        type: 3}
      propertyPath: m_LocalRotation.z
      value: -0
      objectReference: {fileID: 0}
    - target: {fileID: 8745214884316278363, guid: 8db6e9235393935468523756e0a40c8d,
        type: 3}
      propertyPath: m_LocalRotation.w
      value: 0.5782131
      objectReference: {fileID: 0}
    - target: {fileID: 8745214884316278363, guid: 8db6e9235393935468523756e0a40c8d,
        type: 3}
      propertyPath: m_RootOrder
      value: 15
      objectReference: {fileID: 0}
    - target: {fileID: 8745214884316278363, guid: 8db6e9235393935468523756e0a40c8d,
        type: 3}
      propertyPath: m_LocalEulerAnglesHint.x
      value: 0
      objectReference: {fileID: 0}
    - target: {fileID: 8745214884316278363, guid: 8db6e9235393935468523756e0a40c8d,
        type: 3}
      propertyPath: m_LocalEulerAnglesHint.y
      value: 109.350006
      objectReference: {fileID: 0}
    - target: {fileID: 8745214884316278363, guid: 8db6e9235393935468523756e0a40c8d,
        type: 3}
      propertyPath: m_LocalEulerAnglesHint.z
      value: 0
      objectReference: {fileID: 0}
    - target: {fileID: 8745214884316278363, guid: 8db6e9235393935468523756e0a40c8d,
        type: 3}
      propertyPath: m_LocalScale.x
      value: 0.0050000018
      objectReference: {fileID: 0}
    - target: {fileID: 8745214884316278363, guid: 8db6e9235393935468523756e0a40c8d,
        type: 3}
      propertyPath: m_LocalScale.y
      value: 0.005
      objectReference: {fileID: 0}
    - target: {fileID: 8745214884316278363, guid: 8db6e9235393935468523756e0a40c8d,
        type: 3}
      propertyPath: m_LocalScale.z
      value: 0.0050000018
      objectReference: {fileID: 0}
    - target: {fileID: 8928980793229404662, guid: 8db6e9235393935468523756e0a40c8d,
        type: 3}
      propertyPath: m_Name
      value: light switch
      objectReference: {fileID: 0}
    m_RemovedComponents: []
  m_SourcePrefab: {fileID: 100100000, guid: 8db6e9235393935468523756e0a40c8d, type: 3}
--- !u!1001 &6863038397303366231
PrefabInstance:
  m_ObjectHideFlags: 0
  serializedVersion: 2
  m_Modification:
    m_TransformParent: {fileID: 610753146247664414}
    m_Modifications:
    - target: {fileID: 1433290579759484766, guid: f935e4ee039e8d841bad9157a40893fc,
        type: 3}
      propertyPath: m_LocalPosition.x
      value: 0.035213925
      objectReference: {fileID: 0}
    - target: {fileID: 1433290579759484766, guid: f935e4ee039e8d841bad9157a40893fc,
        type: 3}
      propertyPath: m_LocalPosition.y
      value: 0.0629
      objectReference: {fileID: 0}
    - target: {fileID: 1433290579759484766, guid: f935e4ee039e8d841bad9157a40893fc,
        type: 3}
      propertyPath: m_LocalPosition.z
      value: 0.027506458
      objectReference: {fileID: 0}
    - target: {fileID: 1433290579759484766, guid: f935e4ee039e8d841bad9157a40893fc,
        type: 3}
      propertyPath: m_LocalRotation.x
      value: -0
      objectReference: {fileID: 0}
    - target: {fileID: 1433290579759484766, guid: f935e4ee039e8d841bad9157a40893fc,
        type: 3}
      propertyPath: m_LocalRotation.y
      value: 0.38268343
      objectReference: {fileID: 0}
    - target: {fileID: 1433290579759484766, guid: f935e4ee039e8d841bad9157a40893fc,
        type: 3}
      propertyPath: m_LocalRotation.z
      value: -0
      objectReference: {fileID: 0}
    - target: {fileID: 1433290579759484766, guid: f935e4ee039e8d841bad9157a40893fc,
        type: 3}
      propertyPath: m_LocalRotation.w
      value: 0.92387956
      objectReference: {fileID: 0}
    - target: {fileID: 1433290579759484766, guid: f935e4ee039e8d841bad9157a40893fc,
        type: 3}
      propertyPath: m_RootOrder
      value: 4
      objectReference: {fileID: 0}
    - target: {fileID: 1433290579759484766, guid: f935e4ee039e8d841bad9157a40893fc,
        type: 3}
      propertyPath: m_LocalEulerAnglesHint.x
      value: 0
      objectReference: {fileID: 0}
    - target: {fileID: 1433290579759484766, guid: f935e4ee039e8d841bad9157a40893fc,
        type: 3}
      propertyPath: m_LocalEulerAnglesHint.y
      value: 0
      objectReference: {fileID: 0}
    - target: {fileID: 1433290579759484766, guid: f935e4ee039e8d841bad9157a40893fc,
        type: 3}
      propertyPath: m_LocalEulerAnglesHint.z
      value: 0
      objectReference: {fileID: 0}
    - target: {fileID: 1433290579759484766, guid: f935e4ee039e8d841bad9157a40893fc,
        type: 3}
      propertyPath: m_LocalScale.x
      value: 0.0235535
      objectReference: {fileID: 0}
    - target: {fileID: 1433290579759484766, guid: f935e4ee039e8d841bad9157a40893fc,
        type: 3}
      propertyPath: m_LocalScale.y
      value: 0.026122184
      objectReference: {fileID: 0}
    - target: {fileID: 1433290579759484766, guid: f935e4ee039e8d841bad9157a40893fc,
        type: 3}
      propertyPath: m_LocalScale.z
      value: 0.023553511
      objectReference: {fileID: 0}
    - target: {fileID: 7607963926265929378, guid: f935e4ee039e8d841bad9157a40893fc,
        type: 3}
      propertyPath: m_Name
      value: Tearealm_OctagonPushingBlock (1)
      objectReference: {fileID: 0}
    - target: {fileID: 7607963926265929378, guid: f935e4ee039e8d841bad9157a40893fc,
        type: 3}
      propertyPath: m_Layer
      value: 8
      objectReference: {fileID: 0}
    - target: {fileID: 7607963926265929378, guid: f935e4ee039e8d841bad9157a40893fc,
        type: 3}
      propertyPath: m_IsActive
      value: 0
      objectReference: {fileID: 0}
    m_RemovedComponents: []
  m_SourcePrefab: {fileID: 100100000, guid: f935e4ee039e8d841bad9157a40893fc, type: 3}
