%YAML 1.1
%TAG !u! tag:unity3d.com,2011:
--- !u!1 &914092246
GameObject:
  m_ObjectHideFlags: 0
  m_CorrespondingSourceObject: {fileID: 0}
  m_PrefabInstance: {fileID: 0}
  m_PrefabAsset: {fileID: 0}
  serializedVersion: 6
  m_Component:
  - component: {fileID: 914092247}
  - component: {fileID: 914092250}
  - component: {fileID: 914092249}
  - component: {fileID: 914092248}
  m_Layer: 0
  m_Name: default (1)
  m_TagString: Untagged
  m_Icon: {fileID: 0}
  m_NavMeshLayer: 0
  m_StaticEditorFlags: 0
  m_IsActive: 1
--- !u!4 &914092247
Transform:
  m_ObjectHideFlags: 0
  m_CorrespondingSourceObject: {fileID: 0}
  m_PrefabInstance: {fileID: 0}
  m_PrefabAsset: {fileID: 0}
  m_GameObject: {fileID: 914092246}
  m_LocalRotation: {x: -0, y: -0, z: -0, w: 1}
  m_LocalPosition: {x: 0, y: 0.061900005, z: 0}
  m_LocalScale: {x: 0.78602, y: 0.78602, z: 0.78602}
  m_Children: []
  m_Father: {fileID: 6507657278614095538}
  m_RootOrder: 6
  m_LocalEulerAnglesHint: {x: 0, y: 0, z: 0}
--- !u!33 &914092250
MeshFilter:
  m_ObjectHideFlags: 0
  m_CorrespondingSourceObject: {fileID: 0}
  m_PrefabInstance: {fileID: 0}
  m_PrefabAsset: {fileID: 0}
  m_GameObject: {fileID: 914092246}
  m_Mesh: {fileID: -2432090755550338912, guid: 0e140487ba0929747b3068ad47a52d77, type: 3}
--- !u!23 &914092249
MeshRenderer:
  m_ObjectHideFlags: 0
  m_CorrespondingSourceObject: {fileID: 0}
  m_PrefabInstance: {fileID: 0}
  m_PrefabAsset: {fileID: 0}
  m_GameObject: {fileID: 914092246}
  m_Enabled: 1
  m_CastShadows: 1
  m_ReceiveShadows: 1
  m_DynamicOccludee: 1
  m_MotionVectors: 1
  m_LightProbeUsage: 1
  m_ReflectionProbeUsage: 1
  m_RayTracingMode: 2
  m_RenderingLayerMask: 1
  m_RendererPriority: 0
  m_Materials:
  - {fileID: -3033667219593020291, guid: 0e140487ba0929747b3068ad47a52d77, type: 3}
  m_StaticBatchInfo:
    firstSubMesh: 0
    subMeshCount: 0
  m_StaticBatchRoot: {fileID: 0}
  m_ProbeAnchor: {fileID: 0}
  m_LightProbeVolumeOverride: {fileID: 0}
  m_ScaleInLightmap: 1
  m_ReceiveGI: 1
  m_PreserveUVs: 0
  m_IgnoreNormalsForChartDetection: 0
  m_ImportantGI: 0
  m_StitchLightmapSeams: 1
  m_SelectedEditorRenderState: 3
  m_MinimumChartSize: 4
  m_AutoUVMaxDistance: 0.5
  m_AutoUVMaxAngle: 89
  m_LightmapParameters: {fileID: 0}
  m_SortingLayerID: 0
  m_SortingLayer: 0
  m_SortingOrder: 0
--- !u!64 &914092248
MeshCollider:
  m_ObjectHideFlags: 0
  m_CorrespondingSourceObject: {fileID: 0}
  m_PrefabInstance: {fileID: 0}
  m_PrefabAsset: {fileID: 0}
  m_GameObject: {fileID: 914092246}
  m_Material: {fileID: 0}
  m_IsTrigger: 0
  m_Enabled: 1
  serializedVersion: 4
  m_Convex: 1
  m_CookingOptions: 30
  m_Mesh: {fileID: -2432090755550338912, guid: 0e140487ba0929747b3068ad47a52d77, type: 3}
--- !u!1 &1051896073
GameObject:
  m_ObjectHideFlags: 0
  m_CorrespondingSourceObject: {fileID: 0}
  m_PrefabInstance: {fileID: 0}
  m_PrefabAsset: {fileID: 0}
  serializedVersion: 6
  m_Component:
  - component: {fileID: 1051896074}
  - component: {fileID: 1051896075}
  m_Layer: 0
  m_Name: bubble blocks
  m_TagString: Untagged
  m_Icon: {fileID: 0}
  m_NavMeshLayer: 0
  m_StaticEditorFlags: 0
  m_IsActive: 1
--- !u!4 &1051896074
Transform:
  m_ObjectHideFlags: 0
  m_CorrespondingSourceObject: {fileID: 0}
  m_PrefabInstance: {fileID: 0}
  m_PrefabAsset: {fileID: 0}
  m_GameObject: {fileID: 1051896073}
  m_LocalRotation: {x: 0, y: 0, z: 0, w: 1}
  m_LocalPosition: {x: 0, y: 0, z: 0}
  m_LocalScale: {x: 1, y: 1, z: 1}
  m_Children:
  - {fileID: 1578389578848793626}
  - {fileID: 1578389579563443598}
  - {fileID: 1578389579526245801}
  - {fileID: 1578389578868680081}
  m_Father: {fileID: 6507657278614095538}
  m_RootOrder: 7
  m_LocalEulerAnglesHint: {x: 0, y: 0, z: 0}
--- !u!114 &1051896075
MonoBehaviour:
  m_ObjectHideFlags: 0
  m_CorrespondingSourceObject: {fileID: 0}
  m_PrefabInstance: {fileID: 0}
  m_PrefabAsset: {fileID: 0}
  m_GameObject: {fileID: 1051896073}
  m_Enabled: 1
  m_EditorHideFlags: 0
  m_Script: {fileID: 11500000, guid: bdb25ad90dbc88546ade864e22c7240f, type: 3}
  m_Name: 
  m_EditorClassIdentifier: 
  isPrerequisite: 0
  isDependent: 0
  dependentTerrain: {fileID: 0}
  setOnlyOneActive: 0
--- !u!1 &603445860403956988
GameObject:
  m_ObjectHideFlags: 0
  m_CorrespondingSourceObject: {fileID: 0}
  m_PrefabInstance: {fileID: 0}
  m_PrefabAsset: {fileID: 0}
  serializedVersion: 6
  m_Component:
  - component: {fileID: 8689458554283794756}
  - component: {fileID: 4922241532121488833}
  - component: {fileID: 7337563176880915882}
  - component: {fileID: 7785620934759851048}
  m_Layer: 0
  m_Name: Cube
  m_TagString: Untagged
  m_Icon: {fileID: 0}
  m_NavMeshLayer: 0
  m_StaticEditorFlags: 0
  m_IsActive: 1
--- !u!4 &8689458554283794756
Transform:
  m_ObjectHideFlags: 0
  m_CorrespondingSourceObject: {fileID: 0}
  m_PrefabInstance: {fileID: 0}
  m_PrefabAsset: {fileID: 0}
  m_GameObject: {fileID: 603445860403956988}
  m_LocalRotation: {x: -0, y: -0, z: -0, w: 1}
  m_LocalPosition: {x: 0.0017, y: 0.061300002, z: -0.0001}
  m_LocalScale: {x: 0.08037006, y: 0.0054932693, z: 0.1540835}
  m_Children: []
  m_Father: {fileID: 4701509103645060545}
  m_RootOrder: 1
  m_LocalEulerAnglesHint: {x: 0, y: 0, z: 0}
--- !u!33 &4922241532121488833
MeshFilter:
  m_ObjectHideFlags: 0
  m_CorrespondingSourceObject: {fileID: 0}
  m_PrefabInstance: {fileID: 0}
  m_PrefabAsset: {fileID: 0}
  m_GameObject: {fileID: 603445860403956988}
  m_Mesh: {fileID: 10202, guid: 0000000000000000e000000000000000, type: 0}
--- !u!23 &7337563176880915882
MeshRenderer:
  m_ObjectHideFlags: 0
  m_CorrespondingSourceObject: {fileID: 0}
  m_PrefabInstance: {fileID: 0}
  m_PrefabAsset: {fileID: 0}
  m_GameObject: {fileID: 603445860403956988}
  m_Enabled: 1
  m_CastShadows: 1
  m_ReceiveShadows: 1
  m_DynamicOccludee: 1
  m_MotionVectors: 1
  m_LightProbeUsage: 1
  m_ReflectionProbeUsage: 1
  m_RayTracingMode: 2
  m_RenderingLayerMask: 1
  m_RendererPriority: 0
  m_Materials:
  - {fileID: 2100000, guid: 73c176f402d2c2f4d929aa5da7585d17, type: 2}
  m_StaticBatchInfo:
    firstSubMesh: 0
    subMeshCount: 0
  m_StaticBatchRoot: {fileID: 0}
  m_ProbeAnchor: {fileID: 0}
  m_LightProbeVolumeOverride: {fileID: 0}
  m_ScaleInLightmap: 1
  m_ReceiveGI: 1
  m_PreserveUVs: 0
  m_IgnoreNormalsForChartDetection: 0
  m_ImportantGI: 0
  m_StitchLightmapSeams: 1
  m_SelectedEditorRenderState: 3
  m_MinimumChartSize: 4
  m_AutoUVMaxDistance: 0.5
  m_AutoUVMaxAngle: 89
  m_LightmapParameters: {fileID: 0}
  m_SortingLayerID: 0
  m_SortingLayer: 0
  m_SortingOrder: 0
--- !u!65 &7785620934759851048
BoxCollider:
  m_ObjectHideFlags: 0
  m_CorrespondingSourceObject: {fileID: 0}
  m_PrefabInstance: {fileID: 0}
  m_PrefabAsset: {fileID: 0}
  m_GameObject: {fileID: 603445860403956988}
  m_Material: {fileID: 0}
  m_IsTrigger: 0
  m_Enabled: 1
  serializedVersion: 2
  m_Size: {x: 1, y: 0.99999994, z: 1}
  m_Center: {x: 9.094947e-13, y: 0, z: -0.000015258789}
--- !u!114 &1120041466
MonoBehaviour:
  m_ObjectHideFlags: 0
  m_CorrespondingSourceObject: {fileID: 0}
  m_PrefabInstance: {fileID: 0}
  m_PrefabAsset: {fileID: 0}
  m_GameObject: {fileID: 1578389578848793627}
  m_Enabled: 1
  m_EditorHideFlags: 0
  m_Script: {fileID: 11500000, guid: 0f3b06eb077985b4fb07c636644c08ce, type: 3}
  m_Name: 
  m_EditorClassIdentifier: 
  isPrerequisite: 0
  isDependent: 0
  dependentTerrain: {fileID: 0}
--- !u!114 &836744332
MonoBehaviour:
  m_ObjectHideFlags: 0
  m_CorrespondingSourceObject: {fileID: 0}
  m_PrefabInstance: {fileID: 0}
  m_PrefabAsset: {fileID: 0}
  m_GameObject: {fileID: 1578389578868680080}
  m_Enabled: 1
  m_EditorHideFlags: 0
  m_Script: {fileID: 11500000, guid: 0f3b06eb077985b4fb07c636644c08ce, type: 3}
  m_Name: 
  m_EditorClassIdentifier: 
  isPrerequisite: 0
  isDependent: 0
  dependentTerrain: {fileID: 0}
--- !u!114 &1530767097
MonoBehaviour:
  m_ObjectHideFlags: 0
  m_CorrespondingSourceObject: {fileID: 0}
  m_PrefabInstance: {fileID: 0}
  m_PrefabAsset: {fileID: 0}
  m_GameObject: {fileID: 1578389579526245800}
  m_Enabled: 1
  m_EditorHideFlags: 0
  m_Script: {fileID: 11500000, guid: 0f3b06eb077985b4fb07c636644c08ce, type: 3}
  m_Name: 
  m_EditorClassIdentifier: 
  isPrerequisite: 0
  isDependent: 0
  dependentTerrain: {fileID: 0}
--- !u!114 &2032801018
MonoBehaviour:
  m_ObjectHideFlags: 0
  m_CorrespondingSourceObject: {fileID: 0}
  m_PrefabInstance: {fileID: 0}
  m_PrefabAsset: {fileID: 0}
  m_GameObject: {fileID: 1578389579563443599}
  m_Enabled: 1
  m_EditorHideFlags: 0
  m_Script: {fileID: 11500000, guid: 0f3b06eb077985b4fb07c636644c08ce, type: 3}
  m_Name: 
  m_EditorClassIdentifier: 
  isPrerequisite: 0
  isDependent: 0
  dependentTerrain: {fileID: 0}
--- !u!114 &1547685026
MonoBehaviour:
  m_ObjectHideFlags: 0
  m_CorrespondingSourceObject: {fileID: 0}
  m_PrefabInstance: {fileID: 0}
  m_PrefabAsset: {fileID: 0}
  m_GameObject: {fileID: 4457537681510874168}
  m_Enabled: 1
  m_EditorHideFlags: 0
  m_Script: {fileID: 11500000, guid: 53f1942e519b495489d49dd23ba80891, type: 3}
  m_Name: 
  m_EditorClassIdentifier: 
  isPrerequisite: 0
  isDependent: 1
  dependentTerrain: {fileID: 0}
  positions: []
--- !u!1001 &939117206487958931
PrefabInstance:
  m_ObjectHideFlags: 0
  serializedVersion: 2
  m_Modification:
    m_TransformParent: {fileID: 0}
    m_Modifications:
    - target: {fileID: 529040056686661652, guid: 0d1d9d961a1e06c498e9837e6543d625,
        type: 3}
      propertyPath: m_IsActive
      value: 0
      objectReference: {fileID: 0}
    - target: {fileID: 1669758456715731297, guid: 0d1d9d961a1e06c498e9837e6543d625,
        type: 3}
      propertyPath: m_RootOrder
      value: 0
      objectReference: {fileID: 0}
    - target: {fileID: 2518897144788148341, guid: 0d1d9d961a1e06c498e9837e6543d625,
        type: 3}
      propertyPath: exitPortal
      value: 
      objectReference: {fileID: 0}
    - target: {fileID: 3518491054224685483, guid: 0d1d9d961a1e06c498e9837e6543d625,
        type: 3}
      propertyPath: m_IsActive
      value: 1
      objectReference: {fileID: 0}
    - target: {fileID: 4213388255639762050, guid: 0d1d9d961a1e06c498e9837e6543d625,
        type: 3}
      propertyPath: waterDownLevel
      value: 11.5
      objectReference: {fileID: 0}
    - target: {fileID: 5491989666941593682, guid: 0d1d9d961a1e06c498e9837e6543d625,
        type: 3}
      propertyPath: m_LocalEulerAnglesHint.y
      value: 45
      objectReference: {fileID: 0}
    - target: {fileID: 5864672368374195038, guid: 0d1d9d961a1e06c498e9837e6543d625,
        type: 3}
      propertyPath: m_IsActive
      value: 1
      objectReference: {fileID: 0}
    - target: {fileID: 6289204103497859872, guid: 0d1d9d961a1e06c498e9837e6543d625,
        type: 3}
      propertyPath: m_Name
      value: tea realm cup room 7 Variant
      objectReference: {fileID: 0}
    - target: {fileID: 6289204103497859873, guid: 0d1d9d961a1e06c498e9837e6543d625,
        type: 3}
      propertyPath: m_LocalPosition.x
      value: 86.48262
      objectReference: {fileID: 0}
    - target: {fileID: 6289204103497859873, guid: 0d1d9d961a1e06c498e9837e6543d625,
        type: 3}
      propertyPath: m_LocalPosition.y
      value: -0.4152217
      objectReference: {fileID: 0}
    - target: {fileID: 6289204103497859873, guid: 0d1d9d961a1e06c498e9837e6543d625,
        type: 3}
      propertyPath: m_LocalPosition.z
      value: 142.16006
      objectReference: {fileID: 0}
    - target: {fileID: 6289204103497859873, guid: 0d1d9d961a1e06c498e9837e6543d625,
        type: 3}
      propertyPath: m_LocalRotation.x
      value: -0
      objectReference: {fileID: 0}
    - target: {fileID: 6289204103497859873, guid: 0d1d9d961a1e06c498e9837e6543d625,
        type: 3}
      propertyPath: m_LocalRotation.y
      value: -0.38268343
      objectReference: {fileID: 0}
    - target: {fileID: 6289204103497859873, guid: 0d1d9d961a1e06c498e9837e6543d625,
        type: 3}
      propertyPath: m_LocalRotation.z
      value: -0
      objectReference: {fileID: 0}
    - target: {fileID: 6289204103497859873, guid: 0d1d9d961a1e06c498e9837e6543d625,
        type: 3}
      propertyPath: m_LocalRotation.w
      value: 0.92387956
      objectReference: {fileID: 0}
    - target: {fileID: 6289204103497859873, guid: 0d1d9d961a1e06c498e9837e6543d625,
        type: 3}
      propertyPath: m_RootOrder
      value: 0
      objectReference: {fileID: 0}
    - target: {fileID: 6289204103497859873, guid: 0d1d9d961a1e06c498e9837e6543d625,
        type: 3}
      propertyPath: m_LocalEulerAnglesHint.x
      value: 0
      objectReference: {fileID: 0}
    - target: {fileID: 6289204103497859873, guid: 0d1d9d961a1e06c498e9837e6543d625,
        type: 3}
      propertyPath: m_LocalEulerAnglesHint.y
      value: -45
      objectReference: {fileID: 0}
    - target: {fileID: 6289204103497859873, guid: 0d1d9d961a1e06c498e9837e6543d625,
        type: 3}
      propertyPath: m_LocalEulerAnglesHint.z
      value: 0
      objectReference: {fileID: 0}
    - target: {fileID: 6289204103497859873, guid: 0d1d9d961a1e06c498e9837e6543d625,
        type: 3}
      propertyPath: m_LocalScale.x
      value: 216.2225
      objectReference: {fileID: 0}
    - target: {fileID: 6289204103497859873, guid: 0d1d9d961a1e06c498e9837e6543d625,
        type: 3}
      propertyPath: m_LocalScale.y
      value: 216.2225
      objectReference: {fileID: 0}
    - target: {fileID: 6289204103497859873, guid: 0d1d9d961a1e06c498e9837e6543d625,
        type: 3}
      propertyPath: m_LocalScale.z
      value: 216.2225
      objectReference: {fileID: 0}
    - target: {fileID: 6642717434116980627, guid: 0d1d9d961a1e06c498e9837e6543d625,
        type: 3}
      propertyPath: m_LocalPosition.x
      value: 0.0713
      objectReference: {fileID: 0}
    - target: {fileID: 6642717434116980627, guid: 0d1d9d961a1e06c498e9837e6543d625,
        type: 3}
      propertyPath: m_LocalPosition.z
      value: 0.0047
      objectReference: {fileID: 0}
    m_RemovedComponents: []
  m_SourcePrefab: {fileID: 100100000, guid: 0d1d9d961a1e06c498e9837e6543d625, type: 3}
--- !u!4 &6507657278614095538 stripped
Transform:
  m_CorrespondingSourceObject: {fileID: 6289204103497859873, guid: 0d1d9d961a1e06c498e9837e6543d625,
    type: 3}
  m_PrefabInstance: {fileID: 939117206487958931}
  m_PrefabAsset: {fileID: 0}
--- !u!4 &4701509103645060545 stripped
Transform:
  m_CorrespondingSourceObject: {fileID: 5491989666941593682, guid: 0d1d9d961a1e06c498e9837e6543d625,
    type: 3}
  m_PrefabInstance: {fileID: 939117206487958931}
  m_PrefabAsset: {fileID: 0}
--- !u!1 &4457537681510874168 stripped
GameObject:
  m_CorrespondingSourceObject: {fileID: 3518491054224685483, guid: 0d1d9d961a1e06c498e9837e6543d625,
    type: 3}
  m_PrefabInstance: {fileID: 939117206487958931}
  m_PrefabAsset: {fileID: 0}
--- !u!1001 &4718063113542898097
PrefabInstance:
  m_ObjectHideFlags: 0
  serializedVersion: 2
  m_Modification:
    m_TransformParent: {fileID: 1051896074}
    m_Modifications:
    - target: {fileID: 6097449011842442666, guid: a138e43db896b6549b1e5a64378c43f3,
        type: 3}
      propertyPath: m_Name
      value: bubble block (3)
      objectReference: {fileID: 0}
    - target: {fileID: 6097449011842442666, guid: a138e43db896b6549b1e5a64378c43f3,
        type: 3}
      propertyPath: m_IsActive
      value: 1
      objectReference: {fileID: 0}
    - target: {fileID: 6097449011842442667, guid: a138e43db896b6549b1e5a64378c43f3,
        type: 3}
      propertyPath: m_LocalPosition.x
      value: 0.023800008
      objectReference: {fileID: 0}
    - target: {fileID: 6097449011842442667, guid: a138e43db896b6549b1e5a64378c43f3,
        type: 3}
      propertyPath: m_LocalPosition.y
      value: 0.0664
      objectReference: {fileID: 0}
    - target: {fileID: 6097449011842442667, guid: a138e43db896b6549b1e5a64378c43f3,
        type: 3}
      propertyPath: m_LocalPosition.z
      value: -0.09410001
      objectReference: {fileID: 0}
    - target: {fileID: 6097449011842442667, guid: a138e43db896b6549b1e5a64378c43f3,
        type: 3}
      propertyPath: m_LocalRotation.x
      value: -0
      objectReference: {fileID: 0}
    - target: {fileID: 6097449011842442667, guid: a138e43db896b6549b1e5a64378c43f3,
        type: 3}
      propertyPath: m_LocalRotation.y
      value: 0.70710677
      objectReference: {fileID: 0}
    - target: {fileID: 6097449011842442667, guid: a138e43db896b6549b1e5a64378c43f3,
        type: 3}
      propertyPath: m_LocalRotation.z
      value: -0
      objectReference: {fileID: 0}
    - target: {fileID: 6097449011842442667, guid: a138e43db896b6549b1e5a64378c43f3,
        type: 3}
      propertyPath: m_LocalRotation.w
      value: 0.7071069
      objectReference: {fileID: 0}
    - target: {fileID: 6097449011842442667, guid: a138e43db896b6549b1e5a64378c43f3,
        type: 3}
      propertyPath: m_RootOrder
      value: 0
      objectReference: {fileID: 0}
    - target: {fileID: 6097449011842442667, guid: a138e43db896b6549b1e5a64378c43f3,
        type: 3}
      propertyPath: m_LocalEulerAnglesHint.x
      value: 0
      objectReference: {fileID: 0}
    - target: {fileID: 6097449011842442667, guid: a138e43db896b6549b1e5a64378c43f3,
        type: 3}
      propertyPath: m_LocalEulerAnglesHint.y
      value: 0
      objectReference: {fileID: 0}
    - target: {fileID: 6097449011842442667, guid: a138e43db896b6549b1e5a64378c43f3,
        type: 3}
      propertyPath: m_LocalEulerAnglesHint.z
      value: 0
      objectReference: {fileID: 0}
    - target: {fileID: 6097449011842442667, guid: a138e43db896b6549b1e5a64378c43f3,
        type: 3}
      propertyPath: m_LocalScale.x
      value: 0.005442631
      objectReference: {fileID: 0}
    - target: {fileID: 6097449011842442667, guid: a138e43db896b6549b1e5a64378c43f3,
        type: 3}
      propertyPath: m_LocalScale.y
      value: 0.005442631
      objectReference: {fileID: 0}
    - target: {fileID: 6097449011842442667, guid: a138e43db896b6549b1e5a64378c43f3,
        type: 3}
      propertyPath: m_LocalScale.z
      value: 0.005442631
      objectReference: {fileID: 0}
    - target: {fileID: 6097449012117089867, guid: a138e43db896b6549b1e5a64378c43f3,
        type: 3}
      propertyPath: InitialModule.startLifetime.scalar
      value: 12
      objectReference: {fileID: 0}
    m_RemovedComponents: []
  m_SourcePrefab: {fileID: 100100000, guid: a138e43db896b6549b1e5a64378c43f3, type: 3}
--- !u!1 &1578389578848793627 stripped
GameObject:
  m_CorrespondingSourceObject: {fileID: 6097449011842442666, guid: a138e43db896b6549b1e5a64378c43f3,
    type: 3}
  m_PrefabInstance: {fileID: 4718063113542898097}
  m_PrefabAsset: {fileID: 0}
--- !u!4 &1578389578848793626 stripped
Transform:
  m_CorrespondingSourceObject: {fileID: 6097449011842442667, guid: a138e43db896b6549b1e5a64378c43f3,
    type: 3}
  m_PrefabInstance: {fileID: 4718063113542898097}
  m_PrefabAsset: {fileID: 0}
--- !u!1001 &4718063113554460730
PrefabInstance:
  m_ObjectHideFlags: 0
  serializedVersion: 2
  m_Modification:
    m_TransformParent: {fileID: 1051896074}
    m_Modifications:
    - target: {fileID: 6097449011842442666, guid: a138e43db896b6549b1e5a64378c43f3,
        type: 3}
      propertyPath: m_Name
      value: bubble block (2)
      objectReference: {fileID: 0}
    - target: {fileID: 6097449011842442666, guid: a138e43db896b6549b1e5a64378c43f3,
        type: 3}
      propertyPath: m_IsActive
      value: 1
      objectReference: {fileID: 0}
    - target: {fileID: 6097449011842442667, guid: a138e43db896b6549b1e5a64378c43f3,
        type: 3}
      propertyPath: m_LocalPosition.x
      value: 0.023800002
      objectReference: {fileID: 0}
    - target: {fileID: 6097449011842442667, guid: a138e43db896b6549b1e5a64378c43f3,
        type: 3}
      propertyPath: m_LocalPosition.y
      value: 0.0664
      objectReference: {fileID: 0}
    - target: {fileID: 6097449011842442667, guid: a138e43db896b6549b1e5a64378c43f3,
        type: 3}
      propertyPath: m_LocalPosition.z
      value: 0.09330001
      objectReference: {fileID: 0}
    - target: {fileID: 6097449011842442667, guid: a138e43db896b6549b1e5a64378c43f3,
        type: 3}
      propertyPath: m_LocalRotation.x
      value: -0
      objectReference: {fileID: 0}
    - target: {fileID: 6097449011842442667, guid: a138e43db896b6549b1e5a64378c43f3,
        type: 3}
      propertyPath: m_LocalRotation.y
      value: -0.70710677
      objectReference: {fileID: 0}
    - target: {fileID: 6097449011842442667, guid: a138e43db896b6549b1e5a64378c43f3,
        type: 3}
      propertyPath: m_LocalRotation.z
      value: -0
      objectReference: {fileID: 0}
    - target: {fileID: 6097449011842442667, guid: a138e43db896b6549b1e5a64378c43f3,
        type: 3}
      propertyPath: m_LocalRotation.w
      value: 0.7071068
      objectReference: {fileID: 0}
    - target: {fileID: 6097449011842442667, guid: a138e43db896b6549b1e5a64378c43f3,
        type: 3}
      propertyPath: m_RootOrder
      value: 3
      objectReference: {fileID: 0}
    - target: {fileID: 6097449011842442667, guid: a138e43db896b6549b1e5a64378c43f3,
        type: 3}
      propertyPath: m_LocalEulerAnglesHint.x
      value: 0
      objectReference: {fileID: 0}
    - target: {fileID: 6097449011842442667, guid: a138e43db896b6549b1e5a64378c43f3,
        type: 3}
      propertyPath: m_LocalEulerAnglesHint.y
      value: -90
      objectReference: {fileID: 0}
    - target: {fileID: 6097449011842442667, guid: a138e43db896b6549b1e5a64378c43f3,
        type: 3}
      propertyPath: m_LocalEulerAnglesHint.z
      value: 0
      objectReference: {fileID: 0}
    - target: {fileID: 6097449011842442667, guid: a138e43db896b6549b1e5a64378c43f3,
        type: 3}
      propertyPath: m_LocalScale.x
      value: 0.0054426305
      objectReference: {fileID: 0}
    - target: {fileID: 6097449011842442667, guid: a138e43db896b6549b1e5a64378c43f3,
        type: 3}
      propertyPath: m_LocalScale.y
      value: 0.005442631
      objectReference: {fileID: 0}
    - target: {fileID: 6097449011842442667, guid: a138e43db896b6549b1e5a64378c43f3,
        type: 3}
      propertyPath: m_LocalScale.z
      value: 0.0054426305
      objectReference: {fileID: 0}
    - target: {fileID: 6097449012117089867, guid: a138e43db896b6549b1e5a64378c43f3,
        type: 3}
      propertyPath: InitialModule.startLifetime.scalar
      value: 12
      objectReference: {fileID: 0}
    m_RemovedComponents: []
  m_SourcePrefab: {fileID: 100100000, guid: a138e43db896b6549b1e5a64378c43f3, type: 3}
--- !u!1 &1578389578868680080 stripped
GameObject:
  m_CorrespondingSourceObject: {fileID: 6097449011842442666, guid: a138e43db896b6549b1e5a64378c43f3,
    type: 3}
  m_PrefabInstance: {fileID: 4718063113554460730}
  m_PrefabAsset: {fileID: 0}
--- !u!4 &1578389578868680081 stripped
Transform:
  m_CorrespondingSourceObject: {fileID: 6097449011842442667, guid: a138e43db896b6549b1e5a64378c43f3,
    type: 3}
  m_PrefabInstance: {fileID: 4718063113554460730}
  m_PrefabAsset: {fileID: 0}
--- !u!1001 &4718063114202005541
PrefabInstance:
  m_ObjectHideFlags: 0
  serializedVersion: 2
  m_Modification:
    m_TransformParent: {fileID: 1051896074}
    m_Modifications:
    - target: {fileID: 6097449011842442666, guid: a138e43db896b6549b1e5a64378c43f3,
        type: 3}
      propertyPath: m_Name
      value: bubble block
      objectReference: {fileID: 0}
    - target: {fileID: 6097449011842442667, guid: a138e43db896b6549b1e5a64378c43f3,
        type: 3}
      propertyPath: m_LocalPosition.x
      value: -0.020400014
      objectReference: {fileID: 0}
    - target: {fileID: 6097449011842442667, guid: a138e43db896b6549b1e5a64378c43f3,
        type: 3}
      propertyPath: m_LocalPosition.y
      value: 0.0664
      objectReference: {fileID: 0}
    - target: {fileID: 6097449011842442667, guid: a138e43db896b6549b1e5a64378c43f3,
        type: 3}
      propertyPath: m_LocalPosition.z
      value: -0.09409998
      objectReference: {fileID: 0}
    - target: {fileID: 6097449011842442667, guid: a138e43db896b6549b1e5a64378c43f3,
        type: 3}
      propertyPath: m_LocalRotation.x
      value: -0
      objectReference: {fileID: 0}
    - target: {fileID: 6097449011842442667, guid: a138e43db896b6549b1e5a64378c43f3,
        type: 3}
      propertyPath: m_LocalRotation.y
      value: 0.70710677
      objectReference: {fileID: 0}
    - target: {fileID: 6097449011842442667, guid: a138e43db896b6549b1e5a64378c43f3,
        type: 3}
      propertyPath: m_LocalRotation.z
      value: -0
      objectReference: {fileID: 0}
    - target: {fileID: 6097449011842442667, guid: a138e43db896b6549b1e5a64378c43f3,
        type: 3}
      propertyPath: m_LocalRotation.w
      value: 0.7071069
      objectReference: {fileID: 0}
    - target: {fileID: 6097449011842442667, guid: a138e43db896b6549b1e5a64378c43f3,
        type: 3}
      propertyPath: m_RootOrder
      value: 1
      objectReference: {fileID: 0}
    - target: {fileID: 6097449011842442667, guid: a138e43db896b6549b1e5a64378c43f3,
        type: 3}
      propertyPath: m_LocalEulerAnglesHint.x
      value: 0
      objectReference: {fileID: 0}
    - target: {fileID: 6097449011842442667, guid: a138e43db896b6549b1e5a64378c43f3,
        type: 3}
      propertyPath: m_LocalEulerAnglesHint.y
      value: 0
      objectReference: {fileID: 0}
    - target: {fileID: 6097449011842442667, guid: a138e43db896b6549b1e5a64378c43f3,
        type: 3}
      propertyPath: m_LocalEulerAnglesHint.z
      value: 0
      objectReference: {fileID: 0}
    - target: {fileID: 6097449011842442667, guid: a138e43db896b6549b1e5a64378c43f3,
        type: 3}
      propertyPath: m_LocalScale.x
      value: 0.005442631
      objectReference: {fileID: 0}
    - target: {fileID: 6097449011842442667, guid: a138e43db896b6549b1e5a64378c43f3,
        type: 3}
      propertyPath: m_LocalScale.y
      value: 0.005442631
      objectReference: {fileID: 0}
    - target: {fileID: 6097449011842442667, guid: a138e43db896b6549b1e5a64378c43f3,
        type: 3}
      propertyPath: m_LocalScale.z
      value: 0.005442631
      objectReference: {fileID: 0}
    - target: {fileID: 6097449012117089867, guid: a138e43db896b6549b1e5a64378c43f3,
        type: 3}
      propertyPath: InitialModule.startLifetime.scalar
      value: 12
      objectReference: {fileID: 0}
    m_RemovedComponents: []
  m_SourcePrefab: {fileID: 100100000, guid: a138e43db896b6549b1e5a64378c43f3, type: 3}
--- !u!4 &1578389579563443598 stripped
Transform:
  m_CorrespondingSourceObject: {fileID: 6097449011842442667, guid: a138e43db896b6549b1e5a64378c43f3,
    type: 3}
  m_PrefabInstance: {fileID: 4718063114202005541}
  m_PrefabAsset: {fileID: 0}
--- !u!1 &1578389579563443599 stripped
GameObject:
  m_CorrespondingSourceObject: {fileID: 6097449011842442666, guid: a138e43db896b6549b1e5a64378c43f3,
    type: 3}
  m_PrefabInstance: {fileID: 4718063114202005541}
  m_PrefabAsset: {fileID: 0}
--- !u!1001 &4718063114207881218
PrefabInstance:
  m_ObjectHideFlags: 0
  serializedVersion: 2
  m_Modification:
    m_TransformParent: {fileID: 1051896074}
    m_Modifications:
    - target: {fileID: 6097449011842442666, guid: a138e43db896b6549b1e5a64378c43f3,
        type: 3}
      propertyPath: m_Name
      value: bubble block (1)
      objectReference: {fileID: 0}
    - target: {fileID: 6097449011842442666, guid: a138e43db896b6549b1e5a64378c43f3,
        type: 3}
      propertyPath: m_IsActive
      value: 1
      objectReference: {fileID: 0}
    - target: {fileID: 6097449011842442667, guid: a138e43db896b6549b1e5a64378c43f3,
        type: 3}
      propertyPath: m_LocalPosition.x
      value: -0.020399991
      objectReference: {fileID: 0}
    - target: {fileID: 6097449011842442667, guid: a138e43db896b6549b1e5a64378c43f3,
        type: 3}
      propertyPath: m_LocalPosition.y
      value: 0.0664
      objectReference: {fileID: 0}
    - target: {fileID: 6097449011842442667, guid: a138e43db896b6549b1e5a64378c43f3,
        type: 3}
      propertyPath: m_LocalPosition.z
      value: 0.09330001
      objectReference: {fileID: 0}
    - target: {fileID: 6097449011842442667, guid: a138e43db896b6549b1e5a64378c43f3,
        type: 3}
      propertyPath: m_LocalRotation.x
      value: -0
      objectReference: {fileID: 0}
    - target: {fileID: 6097449011842442667, guid: a138e43db896b6549b1e5a64378c43f3,
        type: 3}
      propertyPath: m_LocalRotation.y
      value: -0.70710677
      objectReference: {fileID: 0}
    - target: {fileID: 6097449011842442667, guid: a138e43db896b6549b1e5a64378c43f3,
        type: 3}
      propertyPath: m_LocalRotation.z
      value: -0
      objectReference: {fileID: 0}
    - target: {fileID: 6097449011842442667, guid: a138e43db896b6549b1e5a64378c43f3,
        type: 3}
      propertyPath: m_LocalRotation.w
      value: 0.7071068
      objectReference: {fileID: 0}
    - target: {fileID: 6097449011842442667, guid: a138e43db896b6549b1e5a64378c43f3,
        type: 3}
      propertyPath: m_RootOrder
      value: 2
      objectReference: {fileID: 0}
    - target: {fileID: 6097449011842442667, guid: a138e43db896b6549b1e5a64378c43f3,
        type: 3}
      propertyPath: m_LocalEulerAnglesHint.x
      value: 0
      objectReference: {fileID: 0}
    - target: {fileID: 6097449011842442667, guid: a138e43db896b6549b1e5a64378c43f3,
        type: 3}
      propertyPath: m_LocalEulerAnglesHint.y
      value: -90
      objectReference: {fileID: 0}
    - target: {fileID: 6097449011842442667, guid: a138e43db896b6549b1e5a64378c43f3,
        type: 3}
      propertyPath: m_LocalEulerAnglesHint.z
      value: 0
      objectReference: {fileID: 0}
    - target: {fileID: 6097449011842442667, guid: a138e43db896b6549b1e5a64378c43f3,
        type: 3}
      propertyPath: m_LocalScale.x
      value: 0.0054426305
      objectReference: {fileID: 0}
    - target: {fileID: 6097449011842442667, guid: a138e43db896b6549b1e5a64378c43f3,
        type: 3}
      propertyPath: m_LocalScale.y
      value: 0.005442631
      objectReference: {fileID: 0}
    - target: {fileID: 6097449011842442667, guid: a138e43db896b6549b1e5a64378c43f3,
        type: 3}
      propertyPath: m_LocalScale.z
      value: 0.0054426305
      objectReference: {fileID: 0}
    - target: {fileID: 6097449012117089867, guid: a138e43db896b6549b1e5a64378c43f3,
        type: 3}
      propertyPath: InitialModule.startLifetime.scalar
      value: 12
      objectReference: {fileID: 0}
    m_RemovedComponents: []
  m_SourcePrefab: {fileID: 100100000, guid: a138e43db896b6549b1e5a64378c43f3, type: 3}
--- !u!1 &1578389579526245800 stripped
GameObject:
  m_CorrespondingSourceObject: {fileID: 6097449011842442666, guid: a138e43db896b6549b1e5a64378c43f3,
    type: 3}
  m_PrefabInstance: {fileID: 4718063114207881218}
  m_PrefabAsset: {fileID: 0}
--- !u!4 &1578389579526245801 stripped
Transform:
  m_CorrespondingSourceObject: {fileID: 6097449011842442667, guid: a138e43db896b6549b1e5a64378c43f3,
    type: 3}
  m_PrefabInstance: {fileID: 4718063114207881218}
  m_PrefabAsset: {fileID: 0}
