%YAML 1.1
%TAG !u! tag:unity3d.com,2011:
--- !u!1 &1167258707812782986
GameObject:
  m_ObjectHideFlags: 0
  m_CorrespondingSourceObject: {fileID: 0}
  m_PrefabInstance: {fileID: 0}
  m_PrefabAsset: {fileID: 0}
  serializedVersion: 6
  m_Component:
  - component: {fileID: 1167258707812782988}
  - component: {fileID: 1167258707812782989}
  m_Layer: 0
  m_Name: test_trap floor
  m_TagString: Untagged
  m_Icon: {fileID: 0}
  m_NavMeshLayer: 0
  m_StaticEditorFlags: 0
  m_IsActive: 1
--- !u!4 &1167258707812782988
Transform:
  m_ObjectHideFlags: 0
  m_CorrespondingSourceObject: {fileID: 0}
  m_PrefabInstance: {fileID: 0}
  m_PrefabAsset: {fileID: 0}
  m_GameObject: {fileID: 1167258707812782986}
  m_LocalRotation: {x: 0, y: -0.38268343, z: 0, w: 0.92387956}
  m_LocalPosition: {x: 0, y: 0, z: 0}
  m_LocalScale: {x: 1, y: 1, z: 1}
  m_Children:
  - {fileID: 1167258706958953763}
  - {fileID: 5253190610106389062}
  - {fileID: 4152342092356862980}
  - {fileID: 8705567461790374354}
  - {fileID: 4124322770980226341}
  m_Father: {fileID: 0}
  m_RootOrder: 0
  m_LocalEulerAnglesHint: {x: 0, y: -45, z: 0}
--- !u!114 &1167258707812782989
MonoBehaviour:
  m_ObjectHideFlags: 0
  m_CorrespondingSourceObject: {fileID: 0}
  m_PrefabInstance: {fileID: 0}
  m_PrefabAsset: {fileID: 0}
  m_GameObject: {fileID: 1167258707812782986}
  m_Enabled: 1
  m_EditorHideFlags: 0
  m_Script: {fileID: 11500000, guid: effd74a2b245c57438949c5a6f73c362, type: 3}
  m_Name: 
  m_EditorClassIdentifier: 
  connectingBasement: {fileID: 0}
  stepColors:
  - {r: 0, g: 0, b: 0, a: 0}
  - {r: 0.3915094, g: 0.83570755, b: 1, a: 0}
  - {r: 1, g: 1, b: 1, a: 0}
--- !u!1001 &897245778331591424
PrefabInstance:
  m_ObjectHideFlags: 0
  serializedVersion: 2
  m_Modification:
    m_TransformParent: {fileID: 1167258707812782988}
    m_Modifications:
    - target: {fileID: 3878651967554791172, guid: 454d382dd30b4cb46bcd4d49572ccfb0,
        type: 3}
      propertyPath: m_LocalPosition.x
      value: -3.9045
      objectReference: {fileID: 0}
    - target: {fileID: 3878651967554791172, guid: 454d382dd30b4cb46bcd4d49572ccfb0,
        type: 3}
      propertyPath: m_LocalPosition.y
      value: 0
      objectReference: {fileID: 0}
    - target: {fileID: 3878651967554791172, guid: 454d382dd30b4cb46bcd4d49572ccfb0,
        type: 3}
      propertyPath: m_LocalPosition.z
      value: 0.0000019073
      objectReference: {fileID: 0}
    - target: {fileID: 3878651967554791172, guid: 454d382dd30b4cb46bcd4d49572ccfb0,
        type: 3}
      propertyPath: m_LocalRotation.x
      value: -0
      objectReference: {fileID: 0}
    - target: {fileID: 3878651967554791172, guid: 454d382dd30b4cb46bcd4d49572ccfb0,
        type: 3}
      propertyPath: m_LocalRotation.y
      value: -0
      objectReference: {fileID: 0}
    - target: {fileID: 3878651967554791172, guid: 454d382dd30b4cb46bcd4d49572ccfb0,
        type: 3}
      propertyPath: m_LocalRotation.z
      value: -0
      objectReference: {fileID: 0}
    - target: {fileID: 3878651967554791172, guid: 454d382dd30b4cb46bcd4d49572ccfb0,
        type: 3}
      propertyPath: m_LocalRotation.w
      value: 1
      objectReference: {fileID: 0}
    - target: {fileID: 3878651967554791172, guid: 454d382dd30b4cb46bcd4d49572ccfb0,
        type: 3}
      propertyPath: m_RootOrder
      value: 2
      objectReference: {fileID: 0}
    - target: {fileID: 3878651967554791172, guid: 454d382dd30b4cb46bcd4d49572ccfb0,
        type: 3}
      propertyPath: m_LocalEulerAnglesHint.x
      value: 0
      objectReference: {fileID: 0}
    - target: {fileID: 3878651967554791172, guid: 454d382dd30b4cb46bcd4d49572ccfb0,
        type: 3}
      propertyPath: m_LocalEulerAnglesHint.y
      value: 0
      objectReference: {fileID: 0}
    - target: {fileID: 3878651967554791172, guid: 454d382dd30b4cb46bcd4d49572ccfb0,
        type: 3}
      propertyPath: m_LocalEulerAnglesHint.z
      value: 0
      objectReference: {fileID: 0}
    - target: {fileID: 3878651967554791175, guid: 454d382dd30b4cb46bcd4d49572ccfb0,
        type: 3}
      propertyPath: m_Name
      value: test_trap block (2)
      objectReference: {fileID: 0}
    m_RemovedComponents: []
  m_SourcePrefab: {fileID: 100100000, guid: 454d382dd30b4cb46bcd4d49572ccfb0, type: 3}
--- !u!4 &4152342092356862980 stripped
Transform:
  m_CorrespondingSourceObject: {fileID: 3878651967554791172, guid: 454d382dd30b4cb46bcd4d49572ccfb0,
    type: 3}
  m_PrefabInstance: {fileID: 897245778331591424}
  m_PrefabAsset: {fileID: 0}
--- !u!1001 &932021782321160737
PrefabInstance:
  m_ObjectHideFlags: 0
  serializedVersion: 2
  m_Modification:
    m_TransformParent: {fileID: 1167258707812782988}
    m_Modifications:
    - target: {fileID: 3878651967554791172, guid: 454d382dd30b4cb46bcd4d49572ccfb0,
        type: 3}
      propertyPath: m_LocalPosition.x
      value: 3.9045
      objectReference: {fileID: 0}
    - target: {fileID: 3878651967554791172, guid: 454d382dd30b4cb46bcd4d49572ccfb0,
        type: 3}
      propertyPath: m_LocalPosition.y
      value: 0
      objectReference: {fileID: 0}
    - target: {fileID: 3878651967554791172, guid: 454d382dd30b4cb46bcd4d49572ccfb0,
        type: 3}
      propertyPath: m_LocalPosition.z
      value: 0.00000071526
      objectReference: {fileID: 0}
    - target: {fileID: 3878651967554791172, guid: 454d382dd30b4cb46bcd4d49572ccfb0,
        type: 3}
      propertyPath: m_LocalRotation.x
      value: -0
      objectReference: {fileID: 0}
    - target: {fileID: 3878651967554791172, guid: 454d382dd30b4cb46bcd4d49572ccfb0,
        type: 3}
      propertyPath: m_LocalRotation.y
      value: -0
      objectReference: {fileID: 0}
    - target: {fileID: 3878651967554791172, guid: 454d382dd30b4cb46bcd4d49572ccfb0,
        type: 3}
      propertyPath: m_LocalRotation.z
      value: -0
      objectReference: {fileID: 0}
    - target: {fileID: 3878651967554791172, guid: 454d382dd30b4cb46bcd4d49572ccfb0,
        type: 3}
      propertyPath: m_LocalRotation.w
      value: 1
      objectReference: {fileID: 0}
    - target: {fileID: 3878651967554791172, guid: 454d382dd30b4cb46bcd4d49572ccfb0,
        type: 3}
      propertyPath: m_RootOrder
      value: 4
      objectReference: {fileID: 0}
    - target: {fileID: 3878651967554791172, guid: 454d382dd30b4cb46bcd4d49572ccfb0,
        type: 3}
      propertyPath: m_LocalEulerAnglesHint.x
      value: 0
      objectReference: {fileID: 0}
    - target: {fileID: 3878651967554791172, guid: 454d382dd30b4cb46bcd4d49572ccfb0,
        type: 3}
      propertyPath: m_LocalEulerAnglesHint.y
      value: 0
      objectReference: {fileID: 0}
    - target: {fileID: 3878651967554791172, guid: 454d382dd30b4cb46bcd4d49572ccfb0,
        type: 3}
      propertyPath: m_LocalEulerAnglesHint.z
      value: 0
      objectReference: {fileID: 0}
    - target: {fileID: 3878651967554791175, guid: 454d382dd30b4cb46bcd4d49572ccfb0,
        type: 3}
      propertyPath: m_Name
      value: test_trap block (4)
      objectReference: {fileID: 0}
    m_RemovedComponents: []
  m_SourcePrefab: {fileID: 100100000, guid: 454d382dd30b4cb46bcd4d49572ccfb0, type: 3}
--- !u!4 &4124322770980226341 stripped
Transform:
  m_CorrespondingSourceObject: {fileID: 3878651967554791172, guid: 454d382dd30b4cb46bcd4d49572ccfb0,
    type: 3}
  m_PrefabInstance: {fileID: 932021782321160737}
  m_PrefabAsset: {fileID: 0}
--- !u!1001 &2729554065951033895
PrefabInstance:
  m_ObjectHideFlags: 0
  serializedVersion: 2
  m_Modification:
    m_TransformParent: {fileID: 1167258707812782988}
    m_Modifications:
    - target: {fileID: 3878651967554791172, guid: 454d382dd30b4cb46bcd4d49572ccfb0,
        type: 3}
      propertyPath: m_LocalPosition.x
      value: 0
      objectReference: {fileID: 0}
    - target: {fileID: 3878651967554791172, guid: 454d382dd30b4cb46bcd4d49572ccfb0,
        type: 3}
      propertyPath: m_LocalPosition.y
      value: 0
      objectReference: {fileID: 0}
    - target: {fileID: 3878651967554791172, guid: 454d382dd30b4cb46bcd4d49572ccfb0,
        type: 3}
      propertyPath: m_LocalPosition.z
      value: 0
      objectReference: {fileID: 0}
    - target: {fileID: 3878651967554791172, guid: 454d382dd30b4cb46bcd4d49572ccfb0,
        type: 3}
      propertyPath: m_LocalRotation.x
      value: -0
      objectReference: {fileID: 0}
    - target: {fileID: 3878651967554791172, guid: 454d382dd30b4cb46bcd4d49572ccfb0,
        type: 3}
      propertyPath: m_LocalRotation.y
      value: -0
      objectReference: {fileID: 0}
    - target: {fileID: 3878651967554791172, guid: 454d382dd30b4cb46bcd4d49572ccfb0,
        type: 3}
      propertyPath: m_LocalRotation.z
      value: -0
      objectReference: {fileID: 0}
    - target: {fileID: 3878651967554791172, guid: 454d382dd30b4cb46bcd4d49572ccfb0,
        type: 3}
      propertyPath: m_LocalRotation.w
      value: 1
      objectReference: {fileID: 0}
    - target: {fileID: 3878651967554791172, guid: 454d382dd30b4cb46bcd4d49572ccfb0,
        type: 3}
      propertyPath: m_RootOrder
      value: 0
      objectReference: {fileID: 0}
    - target: {fileID: 3878651967554791172, guid: 454d382dd30b4cb46bcd4d49572ccfb0,
        type: 3}
      propertyPath: m_LocalEulerAnglesHint.x
      value: 0
      objectReference: {fileID: 0}
    - target: {fileID: 3878651967554791172, guid: 454d382dd30b4cb46bcd4d49572ccfb0,
        type: 3}
      propertyPath: m_LocalEulerAnglesHint.y
      value: 0
      objectReference: {fileID: 0}
    - target: {fileID: 3878651967554791172, guid: 454d382dd30b4cb46bcd4d49572ccfb0,
        type: 3}
      propertyPath: m_LocalEulerAnglesHint.z
      value: 0
      objectReference: {fileID: 0}
    - target: {fileID: 3878651967554791175, guid: 454d382dd30b4cb46bcd4d49572ccfb0,
        type: 3}
      propertyPath: m_Name
      value: test_trap block
      objectReference: {fileID: 0}
    m_RemovedComponents: []
  m_SourcePrefab: {fileID: 100100000, guid: 454d382dd30b4cb46bcd4d49572ccfb0, type: 3}
--- !u!4 &1167258706958953763 stripped
Transform:
  m_CorrespondingSourceObject: {fileID: 3878651967554791172, guid: 454d382dd30b4cb46bcd4d49572ccfb0,
    type: 3}
  m_PrefabInstance: {fileID: 2729554065951033895}
  m_PrefabAsset: {fileID: 0}
--- !u!1001 &5549523333085658838
PrefabInstance:
  m_ObjectHideFlags: 0
  serializedVersion: 2
  m_Modification:
    m_TransformParent: {fileID: 1167258707812782988}
    m_Modifications:
    - target: {fileID: 3878651967554791172, guid: 454d382dd30b4cb46bcd4d49572ccfb0,
        type: 3}
      propertyPath: m_LocalPosition.x
      value: 0.00000077486
      objectReference: {fileID: 0}
    - target: {fileID: 3878651967554791172, guid: 454d382dd30b4cb46bcd4d49572ccfb0,
        type: 3}
      propertyPath: m_LocalPosition.y
      value: 0
      objectReference: {fileID: 0}
    - target: {fileID: 3878651967554791172, guid: 454d382dd30b4cb46bcd4d49572ccfb0,
        type: 3}
      propertyPath: m_LocalPosition.z
      value: -3.9045
      objectReference: {fileID: 0}
    - target: {fileID: 3878651967554791172, guid: 454d382dd30b4cb46bcd4d49572ccfb0,
        type: 3}
      propertyPath: m_LocalRotation.x
      value: -0
      objectReference: {fileID: 0}
    - target: {fileID: 3878651967554791172, guid: 454d382dd30b4cb46bcd4d49572ccfb0,
        type: 3}
      propertyPath: m_LocalRotation.y
      value: -0
      objectReference: {fileID: 0}
    - target: {fileID: 3878651967554791172, guid: 454d382dd30b4cb46bcd4d49572ccfb0,
        type: 3}
      propertyPath: m_LocalRotation.z
      value: -0
      objectReference: {fileID: 0}
    - target: {fileID: 3878651967554791172, guid: 454d382dd30b4cb46bcd4d49572ccfb0,
        type: 3}
      propertyPath: m_LocalRotation.w
      value: 1
      objectReference: {fileID: 0}
    - target: {fileID: 3878651967554791172, guid: 454d382dd30b4cb46bcd4d49572ccfb0,
        type: 3}
      propertyPath: m_RootOrder
      value: 3
      objectReference: {fileID: 0}
    - target: {fileID: 3878651967554791172, guid: 454d382dd30b4cb46bcd4d49572ccfb0,
        type: 3}
      propertyPath: m_LocalEulerAnglesHint.x
      value: 0
      objectReference: {fileID: 0}
    - target: {fileID: 3878651967554791172, guid: 454d382dd30b4cb46bcd4d49572ccfb0,
        type: 3}
      propertyPath: m_LocalEulerAnglesHint.y
      value: 0
      objectReference: {fileID: 0}
    - target: {fileID: 3878651967554791172, guid: 454d382dd30b4cb46bcd4d49572ccfb0,
        type: 3}
      propertyPath: m_LocalEulerAnglesHint.z
      value: 0
      objectReference: {fileID: 0}
    - target: {fileID: 3878651967554791175, guid: 454d382dd30b4cb46bcd4d49572ccfb0,
        type: 3}
      propertyPath: m_Name
      value: test_trap block (3)
      objectReference: {fileID: 0}
    m_RemovedComponents: []
  m_SourcePrefab: {fileID: 100100000, guid: 454d382dd30b4cb46bcd4d49572ccfb0, type: 3}
--- !u!4 &8705567461790374354 stripped
Transform:
  m_CorrespondingSourceObject: {fileID: 3878651967554791172, guid: 454d382dd30b4cb46bcd4d49572ccfb0,
    type: 3}
  m_PrefabInstance: {fileID: 5549523333085658838}
  m_PrefabAsset: {fileID: 0}
--- !u!1001 &9022021139126695234
PrefabInstance:
  m_ObjectHideFlags: 0
  serializedVersion: 2
  m_Modification:
    m_TransformParent: {fileID: 1167258707812782988}
    m_Modifications:
    - target: {fileID: 3878651967554791172, guid: 454d382dd30b4cb46bcd4d49572ccfb0,
        type: 3}
      propertyPath: m_LocalPosition.x
      value: -0.0000047684
      objectReference: {fileID: 0}
    - target: {fileID: 3878651967554791172, guid: 454d382dd30b4cb46bcd4d49572ccfb0,
        type: 3}
      propertyPath: m_LocalPosition.y
      value: 0
      objectReference: {fileID: 0}
    - target: {fileID: 3878651967554791172, guid: 454d382dd30b4cb46bcd4d49572ccfb0,
        type: 3}
      propertyPath: m_LocalPosition.z
      value: 3.9045
      objectReference: {fileID: 0}
    - target: {fileID: 3878651967554791172, guid: 454d382dd30b4cb46bcd4d49572ccfb0,
        type: 3}
      propertyPath: m_LocalRotation.x
      value: -0
      objectReference: {fileID: 0}
    - target: {fileID: 3878651967554791172, guid: 454d382dd30b4cb46bcd4d49572ccfb0,
        type: 3}
      propertyPath: m_LocalRotation.y
      value: -0
      objectReference: {fileID: 0}
    - target: {fileID: 3878651967554791172, guid: 454d382dd30b4cb46bcd4d49572ccfb0,
        type: 3}
      propertyPath: m_LocalRotation.z
      value: -0
      objectReference: {fileID: 0}
    - target: {fileID: 3878651967554791172, guid: 454d382dd30b4cb46bcd4d49572ccfb0,
        type: 3}
      propertyPath: m_LocalRotation.w
      value: 1
      objectReference: {fileID: 0}
    - target: {fileID: 3878651967554791172, guid: 454d382dd30b4cb46bcd4d49572ccfb0,
        type: 3}
      propertyPath: m_RootOrder
      value: 1
      objectReference: {fileID: 0}
    - target: {fileID: 3878651967554791172, guid: 454d382dd30b4cb46bcd4d49572ccfb0,
        type: 3}
      propertyPath: m_LocalEulerAnglesHint.x
      value: 0
      objectReference: {fileID: 0}
    - target: {fileID: 3878651967554791172, guid: 454d382dd30b4cb46bcd4d49572ccfb0,
        type: 3}
      propertyPath: m_LocalEulerAnglesHint.y
      value: 0
      objectReference: {fileID: 0}
    - target: {fileID: 3878651967554791172, guid: 454d382dd30b4cb46bcd4d49572ccfb0,
        type: 3}
      propertyPath: m_LocalEulerAnglesHint.z
      value: 0
      objectReference: {fileID: 0}
    - target: {fileID: 3878651967554791175, guid: 454d382dd30b4cb46bcd4d49572ccfb0,
        type: 3}
      propertyPath: m_Name
      value: test_trap block (1)
      objectReference: {fileID: 0}
    m_RemovedComponents: []
  m_SourcePrefab: {fileID: 100100000, guid: 454d382dd30b4cb46bcd4d49572ccfb0, type: 3}
--- !u!4 &5253190610106389062 stripped
Transform:
  m_CorrespondingSourceObject: {fileID: 3878651967554791172, guid: 454d382dd30b4cb46bcd4d49572ccfb0,
    type: 3}
  m_PrefabInstance: {fileID: 9022021139126695234}
  m_PrefabAsset: {fileID: 0}
