%YAML 1.1
%TAG !u! tag:unity3d.com,2011:
--- !u!1 &4067216712610417066
GameObject:
  m_ObjectHideFlags: 0
  m_CorrespondingSourceObject: {fileID: 0}
  m_PrefabInstance: {fileID: 0}
  m_PrefabAsset: {fileID: 0}
  serializedVersion: 6
  m_Component:
  - component: {fileID: 4001602753470435619}
  - component: {fileID: 4849379748249348788}
  m_Layer: 0
  m_Name: crack decal
  m_TagString: Untagged
  m_Icon: {fileID: 0}
  m_NavMeshLayer: 0
  m_StaticEditorFlags: 0
  m_IsActive: 1
--- !u!4 &4001602753470435619
Transform:
  m_ObjectHideFlags: 0
  m_CorrespondingSourceObject: {fileID: 0}
  m_PrefabInstance: {fileID: 0}
  m_PrefabAsset: {fileID: 0}
  m_GameObject: {fileID: 4067216712610417066}
  m_LocalRotation: {x: 0.7071068, y: 0, z: 0, w: 0.7071068}
  m_LocalPosition: {x: -0.019, y: 1.02, z: -0.012}
  m_LocalScale: {x: 1, y: 1, z: 1}
  m_Children: []
  m_Father: {fileID: 8261531043163179509}
  m_RootOrder: 2
  m_LocalEulerAnglesHint: {x: 90, y: 0, z: 0}
--- !u!114 &4849379748249348788
MonoBehaviour:
  m_ObjectHideFlags: 0
  m_CorrespondingSourceObject: {fileID: 0}
  m_PrefabInstance: {fileID: 0}
  m_PrefabAsset: {fileID: 0}
  m_GameObject: {fileID: 4067216712610417066}
  m_Enabled: 1
  m_EditorHideFlags: 0
  m_Script: {fileID: 11500000, guid: f19d9143a39eb3b46bc4563e9889cfbd, type: 3}
  m_Name: 
  m_EditorClassIdentifier: 
  m_Version: 2
  m_Material: {fileID: 2100000, guid: 500e733574922d04ea961553b1b26a63, type: 2}
  m_DrawDistance: 1000
  m_FadeScale: 0.9
  m_UVScale: {x: 1, y: 1}
  m_UVBias: {x: 0, y: 0}
  m_AffectsTransparency: 0
  m_Offset: {x: 0, y: 0, z: 0.5}
  m_Size: {x: 4.2, y: 4.2, z: 0.68}
  m_FadeFactor: 1
--- !u!1 &6689320269667407421
GameObject:
  m_ObjectHideFlags: 0
  m_CorrespondingSourceObject: {fileID: 0}
  m_PrefabInstance: {fileID: 0}
  m_PrefabAsset: {fileID: 0}
  serializedVersion: 6
  m_Component:
  - component: {fileID: 5227662336596720743}
  - component: {fileID: 6324059813685763935}
  - component: {fileID: 5093118438221484682}
  - component: {fileID: 7399679692098756631}
  - component: {fileID: 8902835132230240681}
  m_Layer: 0
  m_Name: crack obj
  m_TagString: Untagged
  m_Icon: {fileID: 0}
  m_NavMeshLayer: 0
  m_StaticEditorFlags: 0
  m_IsActive: 0
--- !u!4 &5227662336596720743
Transform:
  m_ObjectHideFlags: 0
  m_CorrespondingSourceObject: {fileID: 0}
  m_PrefabInstance: {fileID: 0}
  m_PrefabAsset: {fileID: 0}
  m_GameObject: {fileID: 6689320269667407421}
  m_LocalRotation: {x: 0, y: 0, z: 0, w: 1}
  m_LocalPosition: {x: 0, y: 0.51, z: 0}
  m_LocalScale: {x: 0.92283, y: 0.09267058, z: 0.92283}
  m_Children: []
  m_Father: {fileID: 8261531043163179509}
  m_RootOrder: 1
  m_LocalEulerAnglesHint: {x: 0, y: 0, z: 0}
--- !u!33 &6324059813685763935
MeshFilter:
  m_ObjectHideFlags: 0
  m_CorrespondingSourceObject: {fileID: 0}
  m_PrefabInstance: {fileID: 0}
  m_PrefabAsset: {fileID: 0}
  m_GameObject: {fileID: 6689320269667407421}
  m_Mesh: {fileID: 10202, guid: 0000000000000000e000000000000000, type: 0}
--- !u!23 &5093118438221484682
MeshRenderer:
  m_ObjectHideFlags: 0
  m_CorrespondingSourceObject: {fileID: 0}
  m_PrefabInstance: {fileID: 0}
  m_PrefabAsset: {fileID: 0}
  m_GameObject: {fileID: 6689320269667407421}
  m_Enabled: 1
  m_CastShadows: 1
  m_ReceiveShadows: 1
  m_DynamicOccludee: 1
  m_MotionVectors: 1
  m_LightProbeUsage: 1
  m_ReflectionProbeUsage: 1
  m_RayTracingMode: 2
  m_RenderingLayerMask: 1
  m_RendererPriority: 0
  m_Materials:
  - {fileID: 2100000, guid: cd0c48d1139fa964fa6125ba4683ed56, type: 2}
  m_StaticBatchInfo:
    firstSubMesh: 0
    subMeshCount: 0
  m_StaticBatchRoot: {fileID: 0}
  m_ProbeAnchor: {fileID: 0}
  m_LightProbeVolumeOverride: {fileID: 0}
  m_ScaleInLightmap: 1
  m_ReceiveGI: 1
  m_PreserveUVs: 0
  m_IgnoreNormalsForChartDetection: 0
  m_ImportantGI: 0
  m_StitchLightmapSeams: 1
  m_SelectedEditorRenderState: 3
  m_MinimumChartSize: 4
  m_AutoUVMaxDistance: 0.5
  m_AutoUVMaxAngle: 89
  m_LightmapParameters: {fileID: 0}
  m_SortingLayerID: 0
  m_SortingLayer: 0
  m_SortingOrder: 0
--- !u!65 &7399679692098756631
BoxCollider:
  m_ObjectHideFlags: 0
  m_CorrespondingSourceObject: {fileID: 0}
  m_PrefabInstance: {fileID: 0}
  m_PrefabAsset: {fileID: 0}
  m_GameObject: {fileID: 6689320269667407421}
  m_Material: {fileID: 0}
  m_IsTrigger: 1
  m_Enabled: 1
  serializedVersion: 2
  m_Size: {x: 1.0000004, y: 7.9958777, z: 1.0000004}
  m_Center: {x: 0.0000018949694, y: -2.01308, z: 0.000003832049}
--- !u!114 &8902835132230240681
MonoBehaviour:
  m_ObjectHideFlags: 0
  m_CorrespondingSourceObject: {fileID: 0}
  m_PrefabInstance: {fileID: 0}
  m_PrefabAsset: {fileID: 0}
  m_GameObject: {fileID: 6689320269667407421}
  m_Enabled: 1
  m_EditorHideFlags: 0
  m_Script: {fileID: 11500000, guid: 3f65f4bbfbe3d6447a7296ebb61f5710, type: 3}
  m_Name: 
  m_EditorClassIdentifier: 
  smlCrack: {fileID: 2800000, guid: 98fe749015d4ac9488a855b139ce5357, type: 3}
  lrgCrack: {fileID: 2800000, guid: 81d62617ae3588440bd3645152d17cc3, type: 3}
  trapFloor: {fileID: 0}
--- !u!1 &8261531043163179506
GameObject:
  m_ObjectHideFlags: 0
  m_CorrespondingSourceObject: {fileID: 0}
  m_PrefabInstance: {fileID: 0}
  m_PrefabAsset: {fileID: 0}
  serializedVersion: 6
  m_Component:
  - component: {fileID: 8261531043163179509}
  - component: {fileID: 8261531043163179508}
  - component: {fileID: 7966440064393633533}
  m_Layer: 0
  m_Name: TrapFloorTile
  m_TagString: Untagged
  m_Icon: {fileID: 0}
  m_NavMeshLayer: 0
  m_StaticEditorFlags: 0
  m_IsActive: 1
--- !u!4 &8261531043163179509
Transform:
  m_ObjectHideFlags: 0
  m_CorrespondingSourceObject: {fileID: 0}
  m_PrefabInstance: {fileID: 0}
  m_PrefabAsset: {fileID: 0}
  m_GameObject: {fileID: 8261531043163179506}
  m_LocalRotation: {x: -0, y: 0.70710677, z: -0, w: 0.7071069}
  m_LocalPosition: {x: -10.7, y: 0.21000004, z: -14}
  m_LocalScale: {x: 3.0675998, y: 1.4485514, z: 3.0675998}
  m_Children:
  - {fileID: 6331577834825471179}
  - {fileID: 5227662336596720743}
  - {fileID: 4001602753470435619}
  m_Father: {fileID: 0}
  m_RootOrder: 0
  m_LocalEulerAnglesHint: {x: 0, y: 0, z: 0}
--- !u!65 &8261531043163179508
BoxCollider:
  m_ObjectHideFlags: 0
  m_CorrespondingSourceObject: {fileID: 0}
  m_PrefabInstance: {fileID: 0}
  m_PrefabAsset: {fileID: 0}
  m_GameObject: {fileID: 8261531043163179506}
  m_Material: {fileID: 0}
  m_IsTrigger: 1
  m_Enabled: 1
  serializedVersion: 2
  m_Size: {x: 1, y: 1.0394629, z: 1}
  m_Center: {x: 0, y: 0.4198213, z: 0}
--- !u!114 &7966440064393633533
MonoBehaviour:
  m_ObjectHideFlags: 0
  m_CorrespondingSourceObject: {fileID: 0}
  m_PrefabInstance: {fileID: 0}
  m_PrefabAsset: {fileID: 0}
  m_GameObject: {fileID: 8261531043163179506}
  m_Enabled: 1
  m_EditorHideFlags: 0
  m_Script: {fileID: 11500000, guid: 3f65f4bbfbe3d6447a7296ebb61f5710, type: 3}
  m_Name: 
  m_EditorClassIdentifier: 
  smlCrack: {fileID: 0}
  lrgCrack: {fileID: 0}
  trapFloor: {fileID: 0}
--- !u!1001 &8464613758487387878
PrefabInstance:
  m_ObjectHideFlags: 0
  serializedVersion: 2
  m_Modification:
    m_TransformParent: {fileID: 8261531043163179509}
    m_Modifications:
    - target: {fileID: 949551987225019829, guid: bf4a852ac69fcd546aa5cc3b49253a72,
        type: 3}
      propertyPath: m_Name
      value: Spooky_Tile174
      objectReference: {fileID: 0}
    - target: {fileID: 2496701885629860397, guid: bf4a852ac69fcd546aa5cc3b49253a72,
        type: 3}
      propertyPath: m_LocalPosition.x
      value: -0.479
      objectReference: {fileID: 0}
    - target: {fileID: 2496701885629860397, guid: bf4a852ac69fcd546aa5cc3b49253a72,
        type: 3}
      propertyPath: m_LocalPosition.y
      value: 0.547
      objectReference: {fileID: 0}
    - target: {fileID: 2496701885629860397, guid: bf4a852ac69fcd546aa5cc3b49253a72,
        type: 3}
      propertyPath: m_LocalPosition.z
      value: 0.475
      objectReference: {fileID: 0}
    - target: {fileID: 2496701885629860397, guid: bf4a852ac69fcd546aa5cc3b49253a72,
        type: 3}
      propertyPath: m_LocalRotation.x
      value: 0
      objectReference: {fileID: 0}
    - target: {fileID: 2496701885629860397, guid: bf4a852ac69fcd546aa5cc3b49253a72,
        type: 3}
      propertyPath: m_LocalRotation.y
      value: -0
      objectReference: {fileID: 0}
    - target: {fileID: 2496701885629860397, guid: bf4a852ac69fcd546aa5cc3b49253a72,
        type: 3}
      propertyPath: m_LocalRotation.z
      value: -0
      objectReference: {fileID: 0}
    - target: {fileID: 2496701885629860397, guid: bf4a852ac69fcd546aa5cc3b49253a72,
        type: 3}
      propertyPath: m_LocalRotation.w
      value: 1
      objectReference: {fileID: 0}
    - target: {fileID: 2496701885629860397, guid: bf4a852ac69fcd546aa5cc3b49253a72,
        type: 3}
      propertyPath: m_RootOrder
      value: 0
      objectReference: {fileID: 0}
    - target: {fileID: 2496701885629860397, guid: bf4a852ac69fcd546aa5cc3b49253a72,
        type: 3}
      propertyPath: m_LocalEulerAnglesHint.x
      value: 0
      objectReference: {fileID: 0}
    - target: {fileID: 2496701885629860397, guid: bf4a852ac69fcd546aa5cc3b49253a72,
        type: 3}
      propertyPath: m_LocalEulerAnglesHint.y
      value: 0
      objectReference: {fileID: 0}
    - target: {fileID: 2496701885629860397, guid: bf4a852ac69fcd546aa5cc3b49253a72,
        type: 3}
      propertyPath: m_LocalEulerAnglesHint.z
      value: 0
      objectReference: {fileID: 0}
    - target: {fileID: 2496701885629860397, guid: bf4a852ac69fcd546aa5cc3b49253a72,
        type: 3}
      propertyPath: m_LocalScale.x
      value: 0.5
      objectReference: {fileID: 0}
    - target: {fileID: 2496701885629860397, guid: bf4a852ac69fcd546aa5cc3b49253a72,
        type: 3}
      propertyPath: m_LocalScale.y
      value: 1
      objectReference: {fileID: 0}
    - target: {fileID: 2496701885629860397, guid: bf4a852ac69fcd546aa5cc3b49253a72,
        type: 3}
      propertyPath: m_LocalScale.z
      value: 0.5
      objectReference: {fileID: 0}
    m_RemovedComponents: []
  m_SourcePrefab: {fileID: 100100000, guid: bf4a852ac69fcd546aa5cc3b49253a72, type: 3}
--- !u!4 &6331577834825471179 stripped
Transform:
  m_CorrespondingSourceObject: {fileID: 2496701885629860397, guid: bf4a852ac69fcd546aa5cc3b49253a72,
    type: 3}
  m_PrefabInstance: {fileID: 8464613758487387878}
  m_PrefabAsset: {fileID: 0}
