%YAML 1.1
%TAG !u! tag:unity3d.com,2011:
--- !u!1 &4383772606678785581
GameObject:
  m_ObjectHideFlags: 0
  m_CorrespondingSourceObject: {fileID: 0}
  m_PrefabInstance: {fileID: 0}
  m_PrefabAsset: {fileID: 0}
  serializedVersion: 6
  m_Component:
  - component: {fileID: 8224259280519697061}
  - component: {fileID: 2061915417771803760}
  m_Layer: 24
  m_Name: ghostPushblock
  m_TagString: Untagged
  m_Icon: {fileID: 0}
  m_NavMeshLayer: 0
  m_StaticEditorFlags: 0
  m_IsActive: 1
--- !u!4 &8224259280519697061
Transform:
  m_ObjectHideFlags: 0
  m_CorrespondingSourceObject: {fileID: 0}
  m_PrefabInstance: {fileID: 0}
  m_PrefabAsset: {fileID: 0}
  m_GameObject: {fileID: 4383772606678785581}
  m_LocalRotation: {x: -0, y: 0.38268343, z: -0, w: 0.92387956}
  m_LocalPosition: {x: -5.067948, y: 2.83536, z: -5.843923}
  m_LocalScale: {x: 2.2013383, y: 2.2013385, z: 2.2013383}
  m_Children:
  - {fileID: 6091330153956931466}
  m_Father: {fileID: 0}
  m_RootOrder: 0
  m_LocalEulerAnglesHint: {x: 0, y: 0, z: 0}
--- !u!114 &2061915417771803760
MonoBehaviour:
  m_ObjectHideFlags: 0
  m_CorrespondingSourceObject: {fileID: 0}
  m_PrefabInstance: {fileID: 0}
  m_PrefabAsset: {fileID: 0}
  m_GameObject: {fileID: 4383772606678785581}
  m_Enabled: 1
  m_EditorHideFlags: 0
  m_Script: {fileID: 11500000, guid: dd1bb2c375df720448d7b7c47a8a359d, type: 3}
  m_Name: 
  m_EditorClassIdentifier: 
  ghostKeyobj: {fileID: 6091330153956931470}
--- !u!1001 &3390124681300621619
PrefabInstance:
  m_ObjectHideFlags: 0
  serializedVersion: 2
  m_Modification:
    m_TransformParent: {fileID: 8224259280519697061}
    m_Modifications:
    - target: {fileID: 5052906947433304532, guid: fc826f467a3b73d40a0841f9893dc2cb,
        type: 3}
      propertyPath: m_Materials.Array.data[0]
      value: 
      objectReference: {fileID: 2100000, guid: fe5abc241bfe5444aba65fd11f8dcc3f, type: 2}
    - target: {fileID: 8688404870236261085, guid: fc826f467a3b73d40a0841f9893dc2cb,
        type: 3}
      propertyPath: m_IsActive
      value: 0
      objectReference: {fileID: 0}
    - target: {fileID: 8688404870236261085, guid: fc826f467a3b73d40a0841f9893dc2cb,
        type: 3}
      propertyPath: m_Layer
      value: 24
      objectReference: {fileID: 0}
    - target: {fileID: 8900490482649353913, guid: fc826f467a3b73d40a0841f9893dc2cb,
        type: 3}
      propertyPath: m_LocalPosition.x
      value: 6.556183
      objectReference: {fileID: 0}
    - target: {fileID: 8900490482649353913, guid: fc826f467a3b73d40a0841f9893dc2cb,
        type: 3}
      propertyPath: m_LocalPosition.y
      value: -1.1059643
      objectReference: {fileID: 0}
    - target: {fileID: 8900490482649353913, guid: fc826f467a3b73d40a0841f9893dc2cb,
        type: 3}
      propertyPath: m_LocalPosition.z
      value: 0.7211456
      objectReference: {fileID: 0}
    - target: {fileID: 8900490482649353913, guid: fc826f467a3b73d40a0841f9893dc2cb,
        type: 3}
      propertyPath: m_LocalRotation.x
      value: -0
      objectReference: {fileID: 0}
    - target: {fileID: 8900490482649353913, guid: fc826f467a3b73d40a0841f9893dc2cb,
        type: 3}
      propertyPath: m_LocalRotation.y
      value: 0.3826834
      objectReference: {fileID: 0}
    - target: {fileID: 8900490482649353913, guid: fc826f467a3b73d40a0841f9893dc2cb,
        type: 3}
      propertyPath: m_LocalRotation.z
      value: -0
      objectReference: {fileID: 0}
    - target: {fileID: 8900490482649353913, guid: fc826f467a3b73d40a0841f9893dc2cb,
        type: 3}
      propertyPath: m_LocalRotation.w
      value: 0.92387956
      objectReference: {fileID: 0}
    - target: {fileID: 8900490482649353913, guid: fc826f467a3b73d40a0841f9893dc2cb,
        type: 3}
      propertyPath: m_RootOrder
      value: 0
      objectReference: {fileID: 0}
    - target: {fileID: 8900490482649353913, guid: fc826f467a3b73d40a0841f9893dc2cb,
        type: 3}
      propertyPath: m_LocalEulerAnglesHint.x
      value: 0
      objectReference: {fileID: 0}
    - target: {fileID: 8900490482649353913, guid: fc826f467a3b73d40a0841f9893dc2cb,
        type: 3}
      propertyPath: m_LocalEulerAnglesHint.y
      value: 45
      objectReference: {fileID: 0}
    - target: {fileID: 8900490482649353913, guid: fc826f467a3b73d40a0841f9893dc2cb,
        type: 3}
      propertyPath: m_LocalEulerAnglesHint.z
      value: 0
      objectReference: {fileID: 0}
    - target: {fileID: 8900490482649353913, guid: fc826f467a3b73d40a0841f9893dc2cb,
        type: 3}
      propertyPath: m_LocalScale.x
      value: 3.9337773
      objectReference: {fileID: 0}
    - target: {fileID: 8900490482649353913, guid: fc826f467a3b73d40a0841f9893dc2cb,
        type: 3}
      propertyPath: m_LocalScale.z
      value: 3.9337757
      objectReference: {fileID: 0}
    - target: {fileID: 8900490482649353913, guid: fc826f467a3b73d40a0841f9893dc2cb,
        type: 3}
      propertyPath: m_LocalScale.y
      value: 3.9337747
      objectReference: {fileID: 0}
    - target: {fileID: 8900490482649353917, guid: fc826f467a3b73d40a0841f9893dc2cb,
        type: 3}
      propertyPath: m_Name
      value: test_push block (1)
      objectReference: {fileID: 0}
    - target: {fileID: 8900490482649353917, guid: fc826f467a3b73d40a0841f9893dc2cb,
        type: 3}
      propertyPath: m_IsActive
      value: 1
      objectReference: {fileID: 0}
    - target: {fileID: 8900490482649353917, guid: fc826f467a3b73d40a0841f9893dc2cb,
        type: 3}
      propertyPath: m_Layer
      value: 24
      objectReference: {fileID: 0}
    - target: {fileID: 8900490482649353919, guid: fc826f467a3b73d40a0841f9893dc2cb,
        type: 3}
      propertyPath: m_Materials.Array.data[0]
      value: 
      objectReference: {fileID: 2100000, guid: fe5abc241bfe5444aba65fd11f8dcc3f, type: 2}
    - target: {fileID: 9144175982639141056, guid: fc826f467a3b73d40a0841f9893dc2cb,
        type: 3}
      propertyPath: m_Layer
      value: 24
      objectReference: {fileID: 0}
    m_RemovedComponents: []
  m_SourcePrefab: {fileID: 100100000, guid: fc826f467a3b73d40a0841f9893dc2cb, type: 3}
--- !u!1 &6091330153956931470 stripped
GameObject:
  m_CorrespondingSourceObject: {fileID: 8900490482649353917, guid: fc826f467a3b73d40a0841f9893dc2cb,
    type: 3}
  m_PrefabInstance: {fileID: 3390124681300621619}
  m_PrefabAsset: {fileID: 0}
--- !u!4 &6091330153956931466 stripped
Transform:
  m_CorrespondingSourceObject: {fileID: 8900490482649353913, guid: fc826f467a3b73d40a0841f9893dc2cb,
    type: 3}
  m_PrefabInstance: {fileID: 3390124681300621619}
  m_PrefabAsset: {fileID: 0}
--- !u!1001 &4310688097692447109
PrefabInstance:
  m_ObjectHideFlags: 0
  serializedVersion: 2
  m_Modification:
    m_TransformParent: {fileID: 6091330153956931466}
    m_Modifications:
    - target: {fileID: 246778634189348078, guid: fc296026d9198334b976bcd3f27cb708,
        type: 3}
      propertyPath: m_Materials.Array.data[0]
      value: 
      objectReference: {fileID: 2100000, guid: fe5abc241bfe5444aba65fd11f8dcc3f, type: 2}
    - target: {fileID: 901453282920751464, guid: fc296026d9198334b976bcd3f27cb708,
        type: 3}
      propertyPath: m_LocalPosition.x
      value: -0.024273297
      objectReference: {fileID: 0}
    - target: {fileID: 901453282920751464, guid: fc296026d9198334b976bcd3f27cb708,
        type: 3}
      propertyPath: m_LocalPosition.y
      value: -0.008652169
      objectReference: {fileID: 0}
    - target: {fileID: 901453282920751464, guid: fc296026d9198334b976bcd3f27cb708,
        type: 3}
      propertyPath: m_LocalPosition.z
      value: -0.0031148326
      objectReference: {fileID: 0}
    - target: {fileID: 901453282920751464, guid: fc296026d9198334b976bcd3f27cb708,
        type: 3}
      propertyPath: m_LocalRotation.x
      value: -0
      objectReference: {fileID: 0}
    - target: {fileID: 901453282920751464, guid: fc296026d9198334b976bcd3f27cb708,
        type: 3}
      propertyPath: m_LocalRotation.y
      value: -0.000000029802319
      objectReference: {fileID: 0}
    - target: {fileID: 901453282920751464, guid: fc296026d9198334b976bcd3f27cb708,
        type: 3}
      propertyPath: m_LocalRotation.z
      value: -0
      objectReference: {fileID: 0}
    - target: {fileID: 901453282920751464, guid: fc296026d9198334b976bcd3f27cb708,
        type: 3}
      propertyPath: m_LocalRotation.w
      value: 1
      objectReference: {fileID: 0}
    - target: {fileID: 901453282920751464, guid: fc296026d9198334b976bcd3f27cb708,
        type: 3}
      propertyPath: m_RootOrder
      value: 2
      objectReference: {fileID: 0}
    - target: {fileID: 901453282920751464, guid: fc296026d9198334b976bcd3f27cb708,
        type: 3}
      propertyPath: m_LocalEulerAnglesHint.x
      value: 0
      objectReference: {fileID: 0}
    - target: {fileID: 901453282920751464, guid: fc296026d9198334b976bcd3f27cb708,
        type: 3}
      propertyPath: m_LocalEulerAnglesHint.y
      value: 45
      objectReference: {fileID: 0}
    - target: {fileID: 901453282920751464, guid: fc296026d9198334b976bcd3f27cb708,
        type: 3}
      propertyPath: m_LocalEulerAnglesHint.z
      value: 0
      objectReference: {fileID: 0}
    - target: {fileID: 901453282920751464, guid: fc296026d9198334b976bcd3f27cb708,
        type: 3}
      propertyPath: m_LocalScale.x
      value: 0.50841725
      objectReference: {fileID: 0}
    - target: {fileID: 901453282920751464, guid: fc296026d9198334b976bcd3f27cb708,
        type: 3}
      propertyPath: m_LocalScale.y
      value: 0.50841755
      objectReference: {fileID: 0}
    - target: {fileID: 901453282920751464, guid: fc296026d9198334b976bcd3f27cb708,
        type: 3}
      propertyPath: m_LocalScale.z
      value: 0.5084174
      objectReference: {fileID: 0}
    - target: {fileID: 3777211216409886019, guid: fc296026d9198334b976bcd3f27cb708,
        type: 3}
      propertyPath: m_Name
      value: Spooky_Crate20
      objectReference: {fileID: 0}
    - target: {fileID: 3777211216409886019, guid: fc296026d9198334b976bcd3f27cb708,
        type: 3}
      propertyPath: m_Layer
      value: 24
      objectReference: {fileID: 0}
    m_RemovedComponents: []
  m_SourcePrefab: {fileID: 100100000, guid: fc296026d9198334b976bcd3f27cb708, type: 3}
