%YAML 1.1
%TAG !u! tag:unity3d.com,2011:
--- !u!1 &8688404870236261085
GameObject:
  m_ObjectHideFlags: 0
  m_CorrespondingSourceObject: {fileID: 0}
  m_PrefabInstance: {fileID: 0}
  m_PrefabAsset: {fileID: 0}
  serializedVersion: 6
  m_Component:
  - component: {fileID: 4181418764025359579}
  - component: {fileID: 3212435671441859104}
  - component: {fileID: 5052906947433304532}
  - component: {fileID: 2362817176624748892}
  m_Layer: 0
  m_Name: Academy_PushBlock3
  m_TagString: Untagged
  m_Icon: {fileID: 0}
  m_NavMeshLayer: 0
  m_StaticEditorFlags: 0
  m_IsActive: 1
--- !u!4 &4181418764025359579
Transform:
  m_ObjectHideFlags: 0
  m_CorrespondingSourceObject: {fileID: 0}
  m_PrefabInstance: {fileID: 0}
  m_PrefabAsset: {fileID: 0}
  m_GameObject: {fileID: 8688404870236261085}
  m_LocalRotation: {x: -0, y: 0.70613736, z: -0, w: -0.7080749}
  m_LocalPosition: {x: -0.51500756, y: -0.45897242, z: -0.68451756}
  m_LocalScale: {x: 0.8420276, y: 0.84202754, z: 0.8420276}
  m_Children: []
  m_Father: {fileID: 8900490482649353913}
  m_RootOrder: 1
  m_LocalEulerAnglesHint: {x: 0, y: 0, z: 0}
--- !u!33 &3212435671441859104
MeshFilter:
  m_ObjectHideFlags: 0
  m_CorrespondingSourceObject: {fileID: 0}
  m_PrefabInstance: {fileID: 0}
  m_PrefabAsset: {fileID: 0}
  m_GameObject: {fileID: 8688404870236261085}
  m_Mesh: {fileID: 4097411738542494875, guid: d61767eb4cba41645ba2873ccb4a38c9, type: 3}
--- !u!23 &5052906947433304532
MeshRenderer:
  m_ObjectHideFlags: 0
  m_CorrespondingSourceObject: {fileID: 0}
  m_PrefabInstance: {fileID: 0}
  m_PrefabAsset: {fileID: 0}
  m_GameObject: {fileID: 8688404870236261085}
  m_Enabled: 1
  m_CastShadows: 1
  m_ReceiveShadows: 1
  m_DynamicOccludee: 1
  m_MotionVectors: 1
  m_LightProbeUsage: 1
  m_ReflectionProbeUsage: 1
  m_RayTracingMode: 2
  m_RenderingLayerMask: 1
  m_RendererPriority: 0
  m_Materials:
  - {fileID: 8771578935268251105, guid: d61767eb4cba41645ba2873ccb4a38c9, type: 3}
  m_StaticBatchInfo:
    firstSubMesh: 0
    subMeshCount: 0
  m_StaticBatchRoot: {fileID: 0}
  m_ProbeAnchor: {fileID: 0}
  m_LightProbeVolumeOverride: {fileID: 0}
  m_ScaleInLightmap: 1
  m_ReceiveGI: 1
  m_PreserveUVs: 0
  m_IgnoreNormalsForChartDetection: 0
  m_ImportantGI: 0
  m_StitchLightmapSeams: 1
  m_SelectedEditorRenderState: 3
  m_MinimumChartSize: 4
  m_AutoUVMaxDistance: 0.5
  m_AutoUVMaxAngle: 89
  m_LightmapParameters: {fileID: 0}
  m_SortingLayerID: 0
  m_SortingLayer: 0
  m_SortingOrder: 0
--- !u!65 &2362817176624748892
BoxCollider:
  m_ObjectHideFlags: 0
  m_CorrespondingSourceObject: {fileID: 0}
  m_PrefabInstance: {fileID: 0}
  m_PrefabAsset: {fileID: 0}
  m_GameObject: {fileID: 8688404870236261085}
  m_Material: {fileID: 0}
  m_IsTrigger: 0
  m_Enabled: 1
  serializedVersion: 2
  m_Size: {x: 1.2783068, y: 1.2607075, z: 1.2304631}
  m_Center: {x: 0.6391534, y: 0.6303533, z: -0.6152311}
--- !u!1 &8900490482649353917
GameObject:
  m_ObjectHideFlags: 0
  m_CorrespondingSourceObject: {fileID: 0}
  m_PrefabInstance: {fileID: 0}
  m_PrefabAsset: {fileID: 0}
  serializedVersion: 6
  m_Component:
  - component: {fileID: 8900490482649353913}
  - component: {fileID: 8900490482649353918}
  - component: {fileID: 8900490482649353919}
  - component: {fileID: 8900490482649353916}
  - component: {fileID: 7276901479041665686}
  - component: {fileID: 4953597467563114067}
  - component: {fileID: 2065810865878812550}
  - component: {fileID: 3009740542253826865}
  m_Layer: 13
  m_Name: test_push block
  m_TagString: Cube
  m_Icon: {fileID: 0}
  m_NavMeshLayer: 0
  m_StaticEditorFlags: 0
  m_IsActive: 1
--- !u!4 &8900490482649353913
Transform:
  m_ObjectHideFlags: 0
  m_CorrespondingSourceObject: {fileID: 0}
  m_PrefabInstance: {fileID: 0}
  m_PrefabAsset: {fileID: 0}
  m_GameObject: {fileID: 8900490482649353917}
  m_LocalRotation: {x: 0, y: 0, z: 0, w: 1}
  m_LocalPosition: {x: 0, y: 0, z: 0}
  m_LocalScale: {x: 2.375219, y: 2.375219, z: 2.375219}
  m_Children:
  - {fileID: 3265631437196014452}
  - {fileID: 4181418764025359579}
  m_Father: {fileID: 0}
  m_RootOrder: 0
  m_LocalEulerAnglesHint: {x: 0, y: 0, z: 0}
--- !u!33 &8900490482649353918
MeshFilter:
  m_ObjectHideFlags: 0
  m_CorrespondingSourceObject: {fileID: 0}
  m_PrefabInstance: {fileID: 0}
  m_PrefabAsset: {fileID: 0}
  m_GameObject: {fileID: 8900490482649353917}
  m_Mesh: {fileID: 10202, guid: 0000000000000000e000000000000000, type: 0}
--- !u!23 &8900490482649353919
MeshRenderer:
  m_ObjectHideFlags: 0
  m_CorrespondingSourceObject: {fileID: 0}
  m_PrefabInstance: {fileID: 0}
  m_PrefabAsset: {fileID: 0}
  m_GameObject: {fileID: 8900490482649353917}
  m_Enabled: 0
  m_CastShadows: 1
  m_ReceiveShadows: 1
  m_DynamicOccludee: 1
  m_MotionVectors: 1
  m_LightProbeUsage: 1
  m_ReflectionProbeUsage: 1
  m_RayTracingMode: 2
  m_RenderingLayerMask: 1
  m_RendererPriority: 0
  m_Materials:
  - {fileID: 2100000, guid: 42a0ccfb96c3016459087b144372f77a, type: 2}
  m_StaticBatchInfo:
    firstSubMesh: 0
    subMeshCount: 0
  m_StaticBatchRoot: {fileID: 0}
  m_ProbeAnchor: {fileID: 0}
  m_LightProbeVolumeOverride: {fileID: 0}
  m_ScaleInLightmap: 1
  m_ReceiveGI: 1
  m_PreserveUVs: 0
  m_IgnoreNormalsForChartDetection: 0
  m_ImportantGI: 0
  m_StitchLightmapSeams: 1
  m_SelectedEditorRenderState: 3
  m_MinimumChartSize: 4
  m_AutoUVMaxDistance: 0.5
  m_AutoUVMaxAngle: 89
  m_LightmapParameters: {fileID: 0}
  m_SortingLayerID: 0
  m_SortingLayer: 0
  m_SortingOrder: 0
--- !u!65 &8900490482649353916
BoxCollider:
  m_ObjectHideFlags: 0
  m_CorrespondingSourceObject: {fileID: 0}
  m_PrefabInstance: {fileID: 0}
  m_PrefabAsset: {fileID: 0}
  m_GameObject: {fileID: 8900490482649353917}
  m_Material: {fileID: 0}
  m_IsTrigger: 0
  m_Enabled: 1
  serializedVersion: 2
  m_Size: {x: 1, y: 1, z: 1}
  m_Center: {x: 0, y: 0, z: 0}
--- !u!65 &7276901479041665686
BoxCollider:
  m_ObjectHideFlags: 0
  m_CorrespondingSourceObject: {fileID: 0}
  m_PrefabInstance: {fileID: 0}
  m_PrefabAsset: {fileID: 0}
  m_GameObject: {fileID: 8900490482649353917}
  m_Material: {fileID: 0}
  m_IsTrigger: 1
  m_Enabled: 1
  serializedVersion: 2
  m_Size: {x: 2, y: 1, z: 2}
  m_Center: {x: 0, y: 0, z: 0}
--- !u!54 &4953597467563114067
Rigidbody:
  m_ObjectHideFlags: 0
  m_CorrespondingSourceObject: {fileID: 0}
  m_PrefabInstance: {fileID: 0}
  m_PrefabAsset: {fileID: 0}
  m_GameObject: {fileID: 8900490482649353917}
  serializedVersion: 2
  m_Mass: 20
  m_Drag: 0
  m_AngularDrag: 0.05
  m_UseGravity: 1
  m_IsKinematic: 0
  m_Interpolate: 0
  m_Constraints: 112
  m_CollisionDetection: 0
--- !u!114 &2065810865878812550
MonoBehaviour:
  m_ObjectHideFlags: 0
  m_CorrespondingSourceObject: {fileID: 0}
  m_PrefabInstance: {fileID: 0}
  m_PrefabAsset: {fileID: 0}
  m_GameObject: {fileID: 8900490482649353917}
  m_Enabled: 1
  m_EditorHideFlags: 0
  m_Script: {fileID: 11500000, guid: 4154862f87d4ba4458ad0d17287fd8d8, type: 3}
  m_Name: 
  m_EditorClassIdentifier: 
  isGhostBlock: 0
  col: {fileID: 8900490482649353916}
  otherCol: {fileID: 2362817176624748892}
--- !u!114 &3009740542253826865
MonoBehaviour:
  m_ObjectHideFlags: 0
  m_CorrespondingSourceObject: {fileID: 0}
  m_PrefabInstance: {fileID: 0}
  m_PrefabAsset: {fileID: 0}
  m_GameObject: {fileID: 8900490482649353917}
  m_Enabled: 1
  m_EditorHideFlags: 0
  m_Script: {fileID: 11500000, guid: 66008f24b32d2c646ae51749882f3abc, type: 3}
  m_Name: 
  m_EditorClassIdentifier: 
--- !u!1001 &7648085547556099771
PrefabInstance:
  m_ObjectHideFlags: 0
  serializedVersion: 2
  m_Modification:
    m_TransformParent: {fileID: 8900490482649353913}
    m_Modifications:
    - target: {fileID: 1027611004455100078, guid: 59a61fcae45daf74db184d7adda32190,
        type: 3}
      propertyPath: ShapeModule.radius.value
      value: 2.6
      objectReference: {fileID: 0}
    - target: {fileID: 1027611004455100078, guid: 59a61fcae45daf74db184d7adda32190,
        type: 3}
      propertyPath: ShapeModule.angle
      value: 35.14
      objectReference: {fileID: 0}
    - target: {fileID: 1027611004455100078, guid: 59a61fcae45daf74db184d7adda32190,
        type: 3}
      propertyPath: EmissionModule.rateOverTime.scalar
      value: 1.5
      objectReference: {fileID: 0}
    - target: {fileID: 1496838654930978427, guid: 59a61fcae45daf74db184d7adda32190,
        type: 3}
      propertyPath: m_Name
      value: sparkles
      objectReference: {fileID: 0}
    - target: {fileID: 5148369969235092943, guid: 59a61fcae45daf74db184d7adda32190,
        type: 3}
      propertyPath: m_LocalPosition.x
      value: 0
      objectReference: {fileID: 0}
    - target: {fileID: 5148369969235092943, guid: 59a61fcae45daf74db184d7adda32190,
        type: 3}
      propertyPath: m_LocalPosition.y
      value: -0.64
      objectReference: {fileID: 0}
    - target: {fileID: 5148369969235092943, guid: 59a61fcae45daf74db184d7adda32190,
        type: 3}
      propertyPath: m_LocalPosition.z
      value: 0
      objectReference: {fileID: 0}
    - target: {fileID: 5148369969235092943, guid: 59a61fcae45daf74db184d7adda32190,
        type: 3}
      propertyPath: m_LocalRotation.x
      value: 0
      objectReference: {fileID: 0}
    - target: {fileID: 5148369969235092943, guid: 59a61fcae45daf74db184d7adda32190,
        type: 3}
      propertyPath: m_LocalRotation.y
      value: 0
      objectReference: {fileID: 0}
    - target: {fileID: 5148369969235092943, guid: 59a61fcae45daf74db184d7adda32190,
        type: 3}
      propertyPath: m_LocalRotation.z
      value: 0
      objectReference: {fileID: 0}
    - target: {fileID: 5148369969235092943, guid: 59a61fcae45daf74db184d7adda32190,
        type: 3}
      propertyPath: m_LocalRotation.w
      value: 1
      objectReference: {fileID: 0}
    - target: {fileID: 5148369969235092943, guid: 59a61fcae45daf74db184d7adda32190,
        type: 3}
      propertyPath: m_RootOrder
      value: 0
      objectReference: {fileID: 0}
    - target: {fileID: 5148369969235092943, guid: 59a61fcae45daf74db184d7adda32190,
        type: 3}
      propertyPath: m_LocalEulerAnglesHint.x
      value: -90
      objectReference: {fileID: 0}
    - target: {fileID: 5148369969235092943, guid: 59a61fcae45daf74db184d7adda32190,
        type: 3}
      propertyPath: m_LocalEulerAnglesHint.y
      value: 0
      objectReference: {fileID: 0}
    - target: {fileID: 5148369969235092943, guid: 59a61fcae45daf74db184d7adda32190,
        type: 3}
      propertyPath: m_LocalEulerAnglesHint.z
      value: 0
      objectReference: {fileID: 0}
    m_RemovedComponents: []
  m_SourcePrefab: {fileID: 100100000, guid: 59a61fcae45daf74db184d7adda32190, type: 3}
--- !u!4 &3265631437196014452 stripped
Transform:
  m_CorrespondingSourceObject: {fileID: 5148369969235092943, guid: 59a61fcae45daf74db184d7adda32190,
    type: 3}
  m_PrefabInstance: {fileID: 7648085547556099771}
  m_PrefabAsset: {fileID: 0}
