%YAML 1.1
%TAG !u! tag:unity3d.com,2011:
--- !u!114 &-8888936127186566947
MonoBehaviour:
  m_ObjectHideFlags: 3
  m_CorrespondingSourceObject: {fileID: 0}
  m_PrefabInstance: {fileID: 0}
  m_PrefabAsset: {fileID: 0}
  m_GameObject: {fileID: 0}
  m_Enabled: 1
  m_EditorHideFlags: 0
  m_Script: {fileID: 11500000, guid: 6b24b200358312b4fa1004e2431c2f1f, type: 3}
  m_Name: ShadowsMidtonesHighlights
  m_EditorClassIdentifier: 
  active: 1
  m_AdvancedMode: 0
  shadows:
    m_OverrideState: 1
    m_Value: {x: 0.6208312, y: 0.6093627, z: 1, w: 0.14687444}
  midtones:
    m_OverrideState: 1
    m_Value: {x: 1, y: 0.95051503, z: 0.9696485, w: 0.115424976}
  highlights:
    m_OverrideState: 1
    m_Value: {x: 0.95405424, y: 0.96554065, z: 1, w: 0.13424644}
  shadowsStart:
    m_OverrideState: 1
    m_Value: 0
    min: 0
  shadowsEnd:
    m_OverrideState: 1
    m_Value: 0.43
    min: 0
  highlightsStart:
    m_OverrideState: 1
    m_Value: 0.68
    min: 0
  highlightsEnd:
    m_OverrideState: 1
    m_Value: 1
    min: 0
--- !u!114 &-7680299640994510737
MonoBehaviour:
  m_ObjectHideFlags: 3
  m_CorrespondingSourceObject: {fileID: 0}
  m_PrefabInstance: {fileID: 0}
  m_PrefabAsset: {fileID: 0}
  m_GameObject: {fileID: 0}
  m_Enabled: 1
  m_EditorHideFlags: 0
  m_Script: {fileID: 11500000, guid: 7ddcec8a8eb2d684d833ac8f5d26aebd, type: 3}
  m_Name: HDShadowSettings
  m_EditorClassIdentifier: 
  active: 1
  m_AdvancedMode: 0
  maxShadowDistance:
    m_OverrideState: 1
    m_Value: 700
    min: 0
  directionalTransmissionMultiplier:
    m_OverrideState: 0
    m_Value: 1
    min: 0
    max: 1
  cascadeShadowSplitCount:
    m_OverrideState: 1
    m_Value: 3
    min: 1
    max: 4
  cascadeShadowSplit0:
    m_OverrideState: 0
    m_Value: 0.05
  cascadeShadowSplit1:
    m_OverrideState: 0
    m_Value: 0.15
  cascadeShadowSplit2:
    m_OverrideState: 0
    m_Value: 0.3
  cascadeShadowBorder0:
    m_OverrideState: 0
    m_Value: 0
  cascadeShadowBorder1:
    m_OverrideState: 0
    m_Value: 0
  cascadeShadowBorder2:
    m_OverrideState: 0
    m_Value: 0
  cascadeShadowBorder3:
    m_OverrideState: 0
    m_Value: 0
--- !u!114 &-7628703910062935981
MonoBehaviour:
  m_ObjectHideFlags: 3
  m_CorrespondingSourceObject: {fileID: 0}
  m_PrefabInstance: {fileID: 0}
  m_PrefabAsset: {fileID: 0}
  m_GameObject: {fileID: 0}
  m_Enabled: 1
  m_EditorHideFlags: 0
  m_Script: {fileID: 11500000, guid: 24f077503be6ae942a1e1245dbd53ea9, type: 3}
  m_Name: Bloom
  m_EditorClassIdentifier: 
  active: 1
  m_AdvancedMode: 0
  quality:
    m_OverrideState: 1
    m_Value: 2
  threshold:
    m_OverrideState: 1
    m_Value: 1.98
    min: 0
  intensity:
    m_OverrideState: 1
    m_Value: 0.394
    min: 0
    max: 1
  scatter:
    m_OverrideState: 1
    m_Value: 0.312
    min: 0
    max: 1
  tint:
    m_OverrideState: 1
    m_Value: {r: 1, g: 1, b: 1, a: 1}
    hdr: 0
    showAlpha: 0
    showEyeDropper: 1
  dirtTexture:
    m_OverrideState: 0
    m_Value: {fileID: 2800000, guid: 4987d2cc7d86ac4408f83e27b1d3a17b, type: 3}
  dirtIntensity:
    m_OverrideState: 0
    m_Value: 1.94
    min: 0
  anamorphic:
    m_OverrideState: 0
    m_Value: 1
  m_Resolution:
    m_OverrideState: 0
    m_Value: 2
  m_HighQualityFiltering:
    m_OverrideState: 0
    m_Value: 1
--- !u!114 &-4781956086827214935
MonoBehaviour:
  m_ObjectHideFlags: 3
  m_CorrespondingSourceObject: {fileID: 0}
  m_PrefabInstance: {fileID: 0}
  m_PrefabAsset: {fileID: 0}
  m_GameObject: {fileID: 0}
  m_Enabled: 1
  m_EditorHideFlags: 0
  m_Script: {fileID: 11500000, guid: 0d7593b3a9277ac4696b20006c21dde2, type: 3}
  m_Name: VisualEnvironment
  m_EditorClassIdentifier: 
  active: 1
  m_AdvancedMode: 0
  skyType:
    m_OverrideState: 1
    m_Value: 4
  skyAmbientMode:
    m_OverrideState: 1
    m_Value: 1
  fogType:
    m_OverrideState: 0
    m_Value: 0
--- !u!114 &-4343540748168403181
MonoBehaviour:
  m_ObjectHideFlags: 3
  m_CorrespondingSourceObject: {fileID: 0}
  m_PrefabInstance: {fileID: 0}
  m_PrefabAsset: {fileID: 0}
  m_GameObject: {fileID: 0}
  m_Enabled: 1
  m_EditorHideFlags: 0
  m_Script: {fileID: 11500000, guid: da5ab44aadfb1804db5fd470983ac1b8, type: 3}
  m_Name: LiftGammaGain
  m_EditorClassIdentifier: 
  active: 1
  m_AdvancedMode: 0
  lift:
    m_OverrideState: 1
    m_Value: {x: 0.97634625, y: 0.9267707, z: 1, w: 0}
  gamma:
    m_OverrideState: 1
    m_Value: {x: 0.92372966, y: 0.96366954, z: 1, w: -0.083945446}
  gain:
    m_OverrideState: 1
    m_Value: {x: 0.97260517, y: 1, z: 0.9709414, w: 0.2810972}
--- !u!114 &-3376173390485320254
MonoBehaviour:
  m_ObjectHideFlags: 3
  m_CorrespondingSourceObject: {fileID: 0}
  m_PrefabInstance: {fileID: 0}
  m_PrefabAsset: {fileID: 0}
  m_GameObject: {fileID: 0}
  m_Enabled: 1
  m_EditorHideFlags: 0
  m_Script: {fileID: 11500000, guid: 953beb541740ddc499d005ee80c9ff29, type: 3}
  m_Name: Fog
  m_EditorClassIdentifier: 
  active: 1
  m_AdvancedMode: 1
  enabled:
    m_OverrideState: 1
    m_Value: 1
  colorMode:
    m_OverrideState: 1
    m_Value: 1
  color:
    m_OverrideState: 1
    m_Value: {r: 0.49056602, g: 0.44197223, b: 0.44197223, a: 1}
    hdr: 1
    showAlpha: 0
    showEyeDropper: 1
  tint:
    m_OverrideState: 1
    m_Value: {r: 3.0487814, g: 1.7239183, b: 2.7614617, a: 1}
    hdr: 1
    showAlpha: 0
    showEyeDropper: 1
  maxFogDistance:
    m_OverrideState: 1
    m_Value: 5000
    min: 0
  mipFogMaxMip:
    m_OverrideState: 0
    m_Value: 0.5
    min: 0
    max: 1
  mipFogNear:
    m_OverrideState: 0
    m_Value: 0
    min: 0
  mipFogFar:
    m_OverrideState: 0
    m_Value: 1000
    min: 0
  baseHeight:
    m_OverrideState: 1
    m_Value: 4.5
  maximumHeight:
    m_OverrideState: 1
    m_Value: 194
  albedo:
    m_OverrideState: 1
    m_Value: {r: 1, g: 1, b: 1, a: 1}
    hdr: 0
    showAlpha: 1
    showEyeDropper: 1
  meanFreePath:
    m_OverrideState: 1
    m_Value: 153.9
    min: 1
  enableVolumetricFog:
    m_OverrideState: 1
    m_Value: 1
  anisotropy:
    m_OverrideState: 1
    m_Value: -1
    min: -1
    max: 1
  globalLightProbeDimmer:
    m_OverrideState: 1
    m_Value: 0.785
    min: 0
    max: 1
  depthExtent:
    m_OverrideState: 0
    m_Value: 64
    min: 0.1
  sliceDistributionUniformity:
    m_OverrideState: 0
    m_Value: 0.75
    min: 0
    max: 1
  filter:
    m_OverrideState: 0
    m_Value: 0
--- !u!114 &-3332062722291460424
MonoBehaviour:
  m_ObjectHideFlags: 3
  m_CorrespondingSourceObject: {fileID: 0}
  m_PrefabInstance: {fileID: 0}
  m_PrefabAsset: {fileID: 0}
  m_GameObject: {fileID: 0}
  m_Enabled: 1
  m_EditorHideFlags: 0
  m_Script: {fileID: 11500000, guid: f086a068d4c5889438831b3ae9afc11c, type: 3}
  m_Name: Tonemapping
  m_EditorClassIdentifier: 
  active: 1
  m_AdvancedMode: 0
  mode:
    m_OverrideState: 1
    m_Value: 2
  toeStrength:
    m_OverrideState: 0
    m_Value: 0
    min: 0
    max: 1
  toeLength:
    m_OverrideState: 0
    m_Value: 0.5
    min: 0
    max: 1
  shoulderStrength:
    m_OverrideState: 0
    m_Value: 0
    min: 0
    max: 1
  shoulderLength:
    m_OverrideState: 0
    m_Value: 0.5
    min: 0
  shoulderAngle:
    m_OverrideState: 0
    m_Value: 0
    min: 0
    max: 1
  gamma:
    m_OverrideState: 0
    m_Value: 1
    min: 0.001
  lutTexture:
    m_OverrideState: 0
    m_Value: {fileID: 0}
  lutContribution:
    m_OverrideState: 0
    m_Value: 1
    min: 0
    max: 1
--- !u!114 &-2070206254018241280
MonoBehaviour:
  m_ObjectHideFlags: 3
  m_CorrespondingSourceObject: {fileID: 0}
  m_PrefabInstance: {fileID: 0}
  m_PrefabAsset: {fileID: 0}
  m_GameObject: {fileID: 0}
  m_Enabled: 1
  m_EditorHideFlags: 0
  m_Script: {fileID: 11500000, guid: b51a78e223a2e504bb88a059b55229ea, type: 3}
  m_Name: WhiteBalance
  m_EditorClassIdentifier: 
  active: 1
  m_AdvancedMode: 0
  temperature:
    m_OverrideState: 1
    m_Value: 30
    min: -100
    max: 100
  tint:
    m_OverrideState: 1
    m_Value: 22
    min: -100
    max: 100
--- !u!114 &11400000
MonoBehaviour:
  m_ObjectHideFlags: 0
  m_CorrespondingSourceObject: {fileID: 0}
  m_PrefabInstance: {fileID: 0}
  m_PrefabAsset: {fileID: 0}
  m_GameObject: {fileID: 0}
  m_Enabled: 1
  m_EditorHideFlags: 0
  m_Script: {fileID: 11500000, guid: d7fd9488000d3734a9e00ee676215985, type: 3}
  m_Name: Global Volume Profile 3
  m_EditorClassIdentifier: 
  components:
  - {fileID: -3376173390485320254}
  - {fileID: 6270349578626782977}
  - {fileID: -2070206254018241280}
  - {fileID: -7628703910062935981}
  - {fileID: -3332062722291460424}
  - {fileID: -8888936127186566947}
  - {fileID: -4343540748168403181}
  - {fileID: -7680299640994510737}
  - {fileID: -4781956086827214935}
  - {fileID: 922934630265377915}
--- !u!114 &922934630265377915
MonoBehaviour:
  m_ObjectHideFlags: 3
  m_CorrespondingSourceObject: {fileID: 0}
  m_PrefabInstance: {fileID: 0}
  m_PrefabAsset: {fileID: 0}
  m_GameObject: {fileID: 0}
  m_Enabled: 1
  m_EditorHideFlags: 0
  m_Script: {fileID: 11500000, guid: 2d08ce26990eb1a4a9177b860541e702, type: 3}
  m_Name: Exposure
  m_EditorClassIdentifier: 
  active: 1
  m_AdvancedMode: 0
  mode:
    m_OverrideState: 1
    m_Value: 1
  meteringMode:
    m_OverrideState: 0
    m_Value: 2
  luminanceSource:
    m_OverrideState: 0
    m_Value: 1
  fixedExposure:
    m_OverrideState: 0
    m_Value: 0
  compensation:
    m_OverrideState: 0
    m_Value: 0
  limitMin:
    m_OverrideState: 0
    m_Value: -10
  limitMax:
    m_OverrideState: 0
    m_Value: 20
  curveMap:
    m_OverrideState: 0
    m_Value:
      serializedVersion: 2
      m_Curve:
      - serializedVersion: 3
        time: -10
        value: -10
        inSlope: 0
        outSlope: 1
        tangentMode: 0
        weightedMode: 0
        inWeight: 0
        outWeight: 0
      - serializedVersion: 3
        time: 20
        value: 20
        inSlope: 1
        outSlope: 0
        tangentMode: 0
        weightedMode: 0
        inWeight: 0
        outWeight: 0
      m_PreInfinity: 2
      m_PostInfinity: 2
      m_RotationOrder: 4
  adaptationMode:
    m_OverrideState: 0
    m_Value: 1
  adaptationSpeedDarkToLight:
    m_OverrideState: 0
    m_Value: 3
    min: 0.001
  adaptationSpeedLightToDark:
    m_OverrideState: 0
    m_Value: 1
    min: 0.001
--- !u!114 &6270349578626782977
MonoBehaviour:
  m_ObjectHideFlags: 3
  m_CorrespondingSourceObject: {fileID: 0}
  m_PrefabInstance: {fileID: 0}
  m_PrefabAsset: {fileID: 0}
  m_GameObject: {fileID: 0}
  m_Enabled: 1
  m_EditorHideFlags: 0
  m_Script: {fileID: 11500000, guid: 4b8bcdf71d7fafa419fca1ed162f5fc9, type: 3}
  m_Name: ColorAdjustments
  m_EditorClassIdentifier: 
  active: 1
  m_AdvancedMode: 0
  postExposure:
    m_OverrideState: 1
    m_Value: 0.27
  contrast:
    m_OverrideState: 1
    m_Value: -19
    min: -100
    max: 100
  colorFilter:
    m_OverrideState: 1
    m_Value: {r: 1.023191, g: 1.023191, b: 1.023191, a: 1}
    hdr: 1
    showAlpha: 0
    showEyeDropper: 1
  hueShift:
    m_OverrideState: 1
    m_Value: 0
    min: -180
    max: 180
  saturation:
    m_OverrideState: 1
    m_Value: 15
    min: -100
    max: 100
